1371 2128
261 132 303 162 24
548 133 769 164 AEMILIUS
794 134 971 165 PAULUS

263 217 428 246 Persarum
450 228 549 258 prope
572 217 725 247 immenso
748 218 854 259 spatio
877 218 1043 260 imperium
1066 219 1179 257 fuerat,
1195 219 1255 250 sibi

261 264 397 296 addidit.
443 265 521 296 Inde
551 269 653 297 morte
683 265 858 297 Alexandri
883 267 916 297 in
943 267 1045 298 multa
1071 279 1167 310 regna
1193 268 1255 299 dis-

261 317 411 352 tractum,
433 326 451 345 a
470 326 591 345 summa
614 315 744 346 fortuna
766 315 806 346 ad
834 315 983 347 ultimum
1007 318 1101 348 finem
1126 321 1252 349 centum

262 364 498 406 quinquaginta
511 376 611 396 annos
626 365 726 397 stetit.

687 458 824 489 XXXV

321 524 380 555 DE
402 523 559 556 DECEM
581 524 771 557 LEGATIS
793 525 824 556 A
845 525 1024 557 SENATU
1047 526 1197 558 Mlssls

302 590 339 626 Q.
364 588 458 619 Aelio
474 589 519 619 M.
537 589 629 619 Iunio
651 589 831 620 consulibus
847 589 886 620 de
903 590 1073 631 provinciis
1089 590 1251 621 referenti—

259 638 329 675 bus,
356 639 446 669 iussit
477 641 604 669 senatus
635 638 854 669 Macedoniam
886 643 919 670 et
950 639 1091 681 Illyriam
1118 640 1253 677 eosdem,

260 688 296 718 L.
319 687 452 718 Paulum
479 690 512 718 et
539 688 576 718 L.
599 688 762 725 Anicium,
788 688 943 725 obtinere,
968 689 1067 719 donec
1095 701 1142 719 res
1167 689 1251 719 bello

258 737 405 768 turbatas
427 740 460 768 et
484 737 516 767 in
537 740 656 768 statum
675 737 771 767 alium
796 749 835 768 ex
857 749 954 779 regno
971 738 1152 769 formandas
1168 750 1251 769 com-

257 788 441 829 posuissent.
489 787 628 828 Legatos
650 786 765 817 deinde
787 787 937 826 decrevit,
962 799 1096 829 quorum
1120 788 1251 819 consilio

257 838 462 878 imperatores
492 837 529 867 L.
561 835 678 866 Paulus
709 837 746 867 L.
775 837 908 867 Anicius
939 849 986 867 res
1011 841 1249 880 componerent,

253 885 360 917 decem
376 886 409 916 in
426 885 657 922 Macedoniam,
673 885 814 927 quinque
829 886 861 916 in
878 886 1031 928 Illyriam.

298 936 335 966 In
359 938 515 976 quattuor
539 934 681 976 regiones
706 934 806 965 dividi
831 935 1065 973 Macedoniam,
1090 939 1128 967 ut
1155 947 1245 967 suum

256 995 399 1026 quaeque
424 983 590 1014 concilium
616 983 757 1022 haberet,
781 984 920 1026 placuit:
945 988 978 1016 et
1004 985 1171 1016 dimidium
1191 986 1249 1016 tri-

254 1034 338 1071 buti,
362 1033 448 1075 quod
472 1033 599 1075 regibus
622 1033 702 1064 ferre
722 1034 808 1065 soliti
833 1037 934 1072 erant,
956 1035 1076 1077 populo
1100 1036 1247 1066 Romano

256 1084 401 1126 pendere.
448 1082 572 1113 Similia
594 1082 643 1113 his
666 1086 698 1114 et
722 1083 760 1113 de
783 1083 892 1125 Illyria
908 1084 998 1115 iussa.
1045 1085 1158 1115 Cetera
1174 1085 1249 1127 ipsis

255 1133 501 1176 imperatoribus
516 1136 549 1163 et
565 1132 678 1174 legatis
694 1133 813 1164 relicta.

298 1183 415 1214 Paulus
431 1186 505 1213 ante
521 1182 693 1213 adventum
710 1182 815 1213 decem
828 1183 1005 1225 legatorum
1017 1185 1052 1221 Q.
1068 1184 1247 1214 Maximum

253 1233 366 1270 filium,
382 1233 443 1263 iam
466 1233 571 1262 Roma
592 1243 776 1274 regressum,
792 1233 832 1263 ad
857 1233 1029 1274 Aeginium
1051 1236 1084 1264 et
1109 1235 1247 1275 Agassas

253 1282 447 1325 diripiendas
478 1282 592 1319 mittit,
619 1283 767 1323 Agassas,
793 1282 877 1324 quod
909 1283 1000 1320 cives,
1025 1294 1096 1313 cum
1124 1283 1247 1314 Marcio

253 1332 372 1364 consuli
399 1331 508 1362 urbem
532 1331 739 1362 tradidissent
761 1332 866 1373 petita
888 1331 973 1363 ultro
1000 1332 1153 1363 societate
1179 1333 1246 1363 Ro-

252 1394 355 1419 mana,
367 1381 547 1412 defecerant
556 1392 662 1411 rursus
673 1381 712 1411 ad
725 1382 845 1412 Persea.
877 1381 1115 1423 Aeginiensium
1129 1393 1245 1412 novum

252 1432 369 1462 crimen
385 1433 463 1461 erat.
509 1430 625 1460 Famae
640 1429 679 1460 de
695 1430 828 1461 victoria
838 1431 984 1461 Romana
994 1441 1057 1461 non
1070 1431 1246 1468 credentes,

253 1481 370 1512 milites
385 1479 539 1521 quosdam
550 1479 660 1510 urbem
677 1479 830 1521 ingressos
846 1480 1077 1511 interfecerant.

672 1584 827 1614 XXXVI

350 1652 409 1684 DE
432 1651 568 1683 PAULI
589 1651 676 1683 PER
698 1650 936 1683 GRAEGIAM
958 1651 1143 1684 ITINERE

293 1719 453 1751 Autumni
478 1719 576 1749 ferme
601 1721 728 1760 tempus
753 1722 844 1754 erat;
883 1718 971 1749 cuius
995 1718 1090 1749 initio
1117 1718 1158 1749 ad
1184 1720 1242 1749 cir—

251 1769 458 1801 cumeundam
498 1768 663 1799 Graeciam
703 1768 864 1810 profectus
901 1779 972 1798 cum
1011 1767 1096 1798 haud
1128 1779 1244 1809 magno

249 1820 404 1851 comitatu
429 1829 486 1860 per
515 1817 712 1848 Thessaliam
744 1817 889 1859 Delphos
920 1817 1014 1859 petit,
1044 1817 1239 1859 praeclarum
