1371 2128
118 116 180 147 DE
205 116 346 147 PAULI
370 116 528 147 FACTIS
552 115 613 146 AB
637 116 732 147 IPSO
758 116 990 147 NARRATIS
1035 117 1074 147 31

74 211 173 232 annos
192 203 298 238 natus,
321 200 463 242 quinque
488 200 599 231 diebus
625 204 701 231 ante
724 200 935 243 triumphum,
961 201 1071 238 maior,

74 250 331 292 quattuordecim
348 261 515 286 annorum,
532 249 636 281 tribus
650 250 762 281 diebus
783 254 856 292 post
872 250 1070 292 triumphum

75 304 219 331 mortuus
234 304 301 335 est;
326 301 381 342 qui
397 300 577 331 debuerant
593 311 685 331 curru
703 300 773 331 vehi
797 312 866 331 cum
892 305 994 342 patre,
1011 301 1070 342 ipsi

74 349 133 380 sibi
158 348 275 379 similes
298 350 461 391 cupientes
486 349 676 390 triumphos.
729 350 841 380 Paucis
863 353 936 392 post
961 350 1072 380 dicbus

74 402 248 430 convocata
275 400 434 438 contione,
459 410 530 430 cum
562 399 601 430 de
632 399 724 430 rebus
758 399 855 440 gestis
887 400 960 436 suis,
991 400 1074 430 sicut

74 449 169 480 ceteri
192 449 410 490 imperatores,
427 449 570 486 dixisset,
588 448 800 479 memorabilis
823 449 890 479 eius
913 450 1018 480 oratio
1040 452 1074 480 et

74 498 174 539 (ligna
192 499 338 529 Romano
363 499 506 540 principe
528 499 600 530 fuit.
648 501 879 541 “Quamquam
896 503 929 529 et
953 502 1076 541 quanta

75 548 230 579 felicitate
254 559 319 579 rem
344 548 505 590 publicam
529 549 830 586 administraverim,
847 553 881 579 et
902 560 983 590 quae
1010 548 1075 579 duo

76 600 211 630 fulmina
240 600 371 631 domum
401 612 502 631 meam
529 600 732 642 perculerint,
758 612 822 631 non
848 601 997 641 ignorare
1022 612 1076 631 vos

74 649 179 687 credo,
211 661 281 680 cum
313 650 496 692 spectaculo
528 650 732 688 vobisqnunc
762 650 947 692 triumphus
979 661 1077 687 meus,

75 710 159 730 nunc
176 699 287 730 funera
304 699 475 730 liberorum
493 711 634 730 meorum
653 700 772 731 fuerint
787 714 795 736 ς
819 704 895 742 peto
911 704 1019 731 tamen
1036 703 1074 731 ut

75 749 188 780 sinatis
227 761 277 780 me
315 761 386 780 cum
427 750 556 792 publica
587 750 743 782 felicitate
774 751 933 793 privatam
973 762 1075 781 meam

74 798 236 830 fortunam
255 799 393 831 breviter
409 800 621 842 conipa1·are.”

521 882 631 913 XLVI

145 949 206 981 DE
227 950 365 982 PAULI
388 950 545 982 FACTIS
567 950 627 982 AB
649 950 748 982 IPSO
771 950 1003 982 NARRATIS

118 1017 317 1048 “Profectus
348 1029 386 1048 ex
414 1017 511 1049 Italia
541 1017 670 1049 classem
705 1018 876 1048 Brundisio
907 1018 972 1049 sole
1002 1021 1074 1049 orto

75 1068 165 1105 solvi,
196 1079 282 1098 nona
319 1067 381 1098 diei
421 1067 500 1098 hora
537 1079 607 1098 cum
647 1068 795 1099 omnibus
830 1069 906 1098 meis
941 1068 1075 1098 navibus

76 1118 245 1159 Corcyram
275 1117 375 1149 tenui.
431 1117 509 1147 Inde
540 1117 655 1159 quinto
685 1117 737 1148 die
765 1117 900 1159 Delphis
928 1117 1076 1159 Apollini

76 1178 134 1209 pro
162 1178 211 1197 me
235 1166 492 1208 exercitibusque
518 1171 551 1198 et
578 1166 730 1198 classibus
756 1168 867 1198 vestris
892 1167 1075 1199 sacrificavi.

78 1218 109 1247 A
132 1216 268 1258 Delphis
290 1216 406 1258 quinto
428 1216 479 1247 die
501 1217 532 1247 in
557 1220 661 1247 castra
686 1218 833 1259 perveni;
866 1217 910 1247 ibi
935 1217 1076 1248 exercitu

76 1270 208 1308 accepto
225 1266 347 1297 mutavi
365 1266 521 1308 quaedam
543 1278 625 1308 quae
641 1278 758 1308 magna
773 1267 925 1298 victoriae
942 1266 1075 1309 impedi-

77 1319 186 1347 menta
200 1319 310 1347 erant:
335 1316 419 1352 inde,
437 1316 513 1357 quia
534 1316 799 1358 inexpugnabilia
815 1320 919 1347 castra
934 1316 1075 1347 hostium

77 1369 168 1397 erant
192 1377 295 1407 neque
318 1366 388 1407 cogi
415 1377 558 1407 pugnare
581 1369 711 1408 poterat
738 1377 802 1404 ΓΒΚ,
824 1366 894 1397 misi
920 1366 1075 1408 quosdam

77 1426 134 1458 per
149 1415 307 1457 praesidia
322 1416 389 1446 eius
410 1416 465 1457 qui
483 1427 539 1458 per
562 1419 686 1447 montes
701 1427 720 1446 a
736 1419 828 1458 tergo
851 1416 1076 1447 descendentes

77 1476 94 1496 e
117 1465 227 1496 castris
252 1465 382 1496 tandem
407 1465 593 1496 traherent:
617 1466 665 1496 ita
689 1465 729 1496 ad
752 1466 897 1508 Pydnam
923 1465 1075 1497 dimicare

78 1519 222 1546 coactum
266 1515 347 1546 vici:
395 1514 619 1546 Macedoniam
658 1515 691 1546 in
729 1519 923 1558 potestatem
962 1516 1075 1559 populi

78 1565 214 1595 Romani
238 1564 356 1606 redegi,
383 1568 416 1595 et
443 1564 573 1603 bellum,
597 1565 684 1607 quod
714 1566 833 1607 priores
856 1566 998 1597 consules
1029 1567 1077 1598 ita

76 1618 240 1657 gesserunt
255 1619 293 1646 ut
314 1626 398 1646 novo
414 1615 601 1657 imperatori
618 1626 740 1658 semper
755 1617 883 1658 gravius
898 1616 1074 1654 traderent,

76 1665 109 1695 id
125 1676 185 1707 ego
201 1664 381 1706 quindecim
394 1664 505 1696 diebus
515 1665 642 1707 perfeci.
678 1666 791 1696 Cetera
803 1665 917 1697 deinde
927 1666 1073 1698 secunda.

78 1715 232 1745 Civitates
247 1726 355 1745 omnes
372 1714 581 1746 Macedoniae
597 1726 629 1745 se
649 1714 862 1751 dediderunt;
885 1727 964 1758 gaza
986 1717 1074 1758 regia

77 1764 109 1794 in
133 1767 326 1806 potestatem
352 1765 460 1795 venit:
485 1776 540 1795 rex
559 1765 626 1807 ipse
651 1764 853 1796 tradentibus
876 1777 976 1808 prope
998 1766 1073 1808 ipsis

77 1813 142 1844 deis
158 1814 190 1845 in
206 1813 328 1857 templo
344 1814 570 1846 Samothracae
586 1826 656 1845 cum
674 1814 780 1846 liberis
797 1818 844 1846 est
859 1816 1003 1857 captus.”
