1371 2128
248 116 310 149 DE
334 117 491 149 CAUSIS
516 117 724 148 DILATAE
749 116 937 149 PUGNAE
1053 117 1094 148 13

91 203 294 246 portendens,
321 205 442 239 movit;
468 215 526 235 nec
550 203 614 235 alia
640 207 727 235 vates
757 202 918 235 dicebant.
964 203 1094 235 Clamor

95 253 300 296 ululatusque
326 254 358 285 in
380 254 491 286 castris
514 253 727 285 Macedonum
752 253 815 286 fuit
838 253 937 285 donec
962 253 1038 285 luna
1059 254 1092 284 in

91 315 178 335 suam
196 303 296 335 lucem
314 304 452 336 emersit.

546 395 635 426 XIX

259 462 319 494 DE
342 461 502 494 cAUSIS
524 461 722 494 DILATAE
745 461 930 494 PUGNAE

133 529 265 559 Postero
303 527 354 558 die
392 527 501 559 consul
539 527 735 559 immolando
781 530 882 558 terere
920 526 1091 558 videbatur

88 581 223 620 tempuS.
278 577 392 608 Tertia
422 577 548 608 demum
580 577 659 608 hora
689 576 842 608 sacrificio
873 576 1018 608 confecto
1049 576 1090 608 ad

86 627 251 658 consilium
271 627 395 658 vocavit
411 638 482 657 suos
496 640 503 661 ;
528 626 643 668 quibus
653 625 751 657 talem
764 626 941 657 orationem
953 626 1090 662 habuit;

88 680 107 694 “
121 678 156 709 P.
175 677 299 714 Nasica,
316 677 462 718 egregius
485 676 675 714 adolescens,
697 687 735 707 ex
759 675 907 707 omnibus
930 687 1011 707 unus
1034 676 1090 718 qui

87 729 235 760 hesterno
262 728 313 759 die
339 740 480 770 pugnare
507 727 692 770 cupiebant,
712 728 887 758 denudavit
913 728 990 758 mihi
1016 740 1089 759 con-

86 778 191 809 silium
214 790 315 809 suum.
363 778 450 809 Idem
469 781 590 820 postea,
606 778 655 808 ita
670 781 708 809 ut
723 777 884 809 transiisse
908 778 941 808 in
964 781 1089 809 senten-

87 829 165 859 tiam
198 840 298 859 meam
332 828 429 859 videri
462 831 578 870 posset,
612 827 725 859 tacuit.
786 827 985 866 Quibusdam
1017 827 1089 859 aliis

87 879 197 909 melius
214 878 313 908 visum
338 881 386 909 est
408 877 572 909 absentem
597 878 821 920 imperatorem
844 889 970 919 carpere
992 889 1088 919 quam

84 932 281 971 praesentem
297 928 478 961 admonere.
525 927 612 966 Tibi,
630 929 666 960 P.
684 927 809 965 Nasica,
826 927 955 958 reddam
968 927 1088 959 dilatae

84 989 210 1021 pugnae
248 978 417 1009 rationem.
475 979 639 1016 Quantum
673 988 805 1008 numero
836 988 892 1008 nos
924 980 1087 1019 praestent

83 1028 199 1065 hostes,
218 1040 311 1059 nemo
333 1031 473 1059 vestrum
501 1031 577 1059 ante
601 1028 774 1069 ignoravit,
798 1038 915 1069 vosque
938 1027 1086 1058 hesterno

82 1078 134 1109 die
156 1078 348 1120 explicatam
365 1078 528 1109 intuentes
544 1078 643 1108 aciem
661 1077 945 1108 animadvertistis.
991 1078 1085 1108 Prae-

82 1133 170 1161 terea
194 1129 305 1160 melius
330 1133 377 1161 est
406 1129 540 1160 militem
564 1129 694 1171 plenum
720 1129 845 1165 virium,
870 1129 1028 1171 vigentem
1053 1133 1086 1160 et

81 1191 212 1222 corpore
228 1183 261 1211 et
277 1179 384 1210 animo
407 1180 439 1210 in
460 1179 559 1209 aciem
583 1178 724 1216 educere,
741 1189 837 1219 quam
856 1178 953 1220 longo
970 1179 1084 1210 itinere

81 1233 114 1261 et
129 1241 223 1260 onere
239 1230 352 1260 fessum
368 1230 486 1260 recenti
503 1229 588 1260 hosti
601 1229 734 1260 obicere.
766 1229 940 1260 Timebant
953 1229 1083 1271 quidam

80 1290 120 1310 ne
149 1283 244 1311 nocte
273 1280 378 1310 abiret
409 1279 521 1316 hostis,
553 1283 586 1310 et
617 1279 649 1310 in
681 1279 829 1310 ultimam
860 1279 1082 1310 Macedoniam

79 1340 202 1361 summo
228 1329 336 1360 labore
359 1328 537 1371 sequendus
560 1332 652 1361 esset.
699 1328 759 1359 Sed
786 1340 889 1370 neque
920 1329 1084 1360 mansisset

77 1390 179 1421 neque
203 1380 235 1410 in
259 1380 358 1410 aciem
383 1379 490 1421 copias
514 1378 686 1416 eduxisset,
702 1379 726 1409 si
743 1377 895 1409 decedere
915 1378 990 1409 hinc
1008 1390 1082 1409 con-

77 1430 266 1462 stituisset.”

544 1520 615 1550 XX

209 1587 269 1620 DE
291 1587 481 1619 PROELIO
504 1586 697 1618 TANDEM
719 1586 950 1619 COMMISSO

121 1656 169 1685 Ac
186 1666 224 1685 ne
241 1654 296 1685 illo
313 1654 382 1696 ipso
399 1653 527 1695 quidem
545 1653 596 1684 die
612 1656 671 1684 aut
686 1653 807 1684 consuli
828 1656 887 1684 aut
908 1654 975 1695 regi
1000 1665 1078 1695 pug-

76 1715 151 1735 nare
177 1704 309 1746 placuit,
335 1704 401 1745 regi
427 1703 514 1745 quod
540 1714 596 1734 nec
621 1702 726 1740 fessos,
752 1706 789 1733 ut
820 1702 934 1745 pridie,
960 1714 999 1733 ex
1030 1703 1080 1733 via

73 1764 175 1795 neque
190 1753 389 1795 trepidantes
412 1753 444 1783 iu
468 1753 535 1783 acie
559 1751 747 1783 instruenda
770 1763 973 1794 aggressurus
989 1756 1078 1788 erat;

76 1803 206 1842 consuli,
223 1803 310 1846 quod
331 1803 363 1834 in
380 1803 468 1834 novis
492 1802 603 1834 castris
627 1813 690 1833 non
715 1801 812 1845 ligna,
834 1813 898 1833 non
926 1801 1081 1844 pabulum
