1371 2128
300 133 361 164 DE
386 132 562 163 REDITU
586 130 877 163 LEGATORUM
1069 130 1090 160 3

86 218 277 250 Macedonia
313 219 472 251 relaturus
503 222 592 250 esset.
650 218 767 249 Paulus
798 217 878 248 nihil
909 228 941 248 se
970 215 1088 248 habere

86 268 170 300 dixit
213 268 300 311 quod
343 269 495 304 referret3
542 269 664 310 legatos
706 269 790 299 enim
829 267 971 298 nondum
1016 266 1089 298 inde

88 318 233 349 rediisse:
269 319 322 349 sed
351 318 513 350 Brundisii
542 319 604 349 iam
629 330 703 356 esse,
731 318 779 349 bis
809 329 848 348 ex
879 328 972 348 cursu
1004 318 1087 359 Dyr-

88 368 230 399 rachium
246 369 387 400 reiectos.

569 453 612 482 IV

312 519 372 551 DE
395 519 566 551 REDI'I'U
589 518 868 551 LEGATORUM

133 587 247 628 Legati
273 598 311 618 ex
344 586 534 618 Macedonia
566 586 821 628 Quinquatribus
852 585 974 616 ultimis
1000 598 1093 617 vene-

90 640 177 668 runt.
224 638 357 668 Postero
380 637 432 667 die
451 640 579 668 senatus
602 637 666 667 fuit
690 636 852 678 legatique
874 635 978 667 auditi
1003 639 1088 667 sunt.

90 687 117 717 Ii
148 687 302 718 nuntiant
332 687 505 717 exercitum
534 687 653 717 maiore
681 685 821 728 periculo
848 697 944 727 quam
970 686 1090 717 emolu-

91 739 199 767 mento
238 748 294 778 per
327 736 428 767 invios
464 736 563 767 saltus
594 736 626 767 in
659 735 880 766 Macedoniam
911 736 1091 768 inductum.

92 786 239 823 Pieriam,
253 797 317 828 quo
335 787 567 829 processissent,
579 798 682 828 regem
700 789 816 817 tenere.
853 787 965 817 Castra
981 788 1092 817 castris

91 846 191 877 prope
207 835 326 866 collata
341 836 467 878 Enipeo
484 835 613 866 flumine
637 836 806 867 interiecto
825 836 932 866 arceri.
979 836 1092 878 Neque

90 896 194 926 regem
233 885 383 916 dimicare
422 885 500 916 velle
539 897 641 927 neque
680 889 804 916 nostros
842 897 952 927 cogere
990 897 1090 927 posse.

91 935 238 965 Hiemem
256 935 353 966 etiam
370 947 513 977 asperam
530 947 603 967 esse.
650 935 862 966 Macedonum
880 935 942 966 dici
955 936 1093 977 triginta

91 984 179 1015 milia
206 989 404 1016 armatorum
430 997 503 1016 esse.
550 985 604 1016 Ad
629 985 757 1016 classem
784 997 815 1016 se
842 996 858 1015 e
883 985 994 1016 castris
1018 997 1090 1028 pro-

91 1034 190 1066 fectos
220 1039 344 1077 partem
375 1036 531 1066 sociorum
560 1035 720 1066 navalium
749 1035 860 1066 morbo
886 1035 1091 1078 absumptam

89 1084 235 1123 audiisse,
266 1089 402 1127 partem,
436 1097 487 1116 eos
514 1086 651 1116 maxime
681 1086 736 1127 qui
769 1097 806 1116 ex
839 1085 947 1116 Sicilia
977 1090 1091 1123 essent,

91 1135 202 1166 domos
222 1147 293 1166 suas
312 1136 447 1169 abiisse;
472 1136 527 1177 qui
550 1135 706 1172 adessent,
729 1147 781 1166 eos
806 1147 908 1177 neque
931 1136 1092 1178 stipendia

91 1185 244 1226 accepisse
276 1196 377 1226 neque
409 1186 601 1216 vestimenta
631 1185 758 1217 habere.
810 1186 986 1217 Eumenem
1013 1186 1091 1216 clas-

92 1246 219 1276 semque
242 1235 318 1273 eius,
335 1238 499 1277 tamquam
523 1238 617 1265 vento
641 1235 765 1266 adlatas
788 1246 893 1273 naves,
910 1236 976 1266 sine
999 1247 1093 1267 causa

92 1288 125 1315 et
149 1285 266 1315 venisse
289 1288 322 1316 et
348 1284 480 1320 abiis-sm
513 1296 615 1326 neque
646 1285 712 1315 eius
736 1285 817 1326 regis
847 1286 988 1317 animum
1015 1287 1092 1317 satis

92 1337 290 1365 constantem
307 1346 371 1365 esse
388 1334 497 1365 videri.

136 1384 253 1415 Paulus
280 1384 394 1415 deinde
425 1396 444 1415 a
474 1388 586 1416 senatu
617 1396 654 1415 ea
677 1385 773 1427 petiit
797 1396 877 1427 quae
907 1385 948 1416 ad
972 1385 1091 1417 bellum

91 1434 263 1465 necessaria
278 1437 388 1465 erant:
414 1438 605 1476 senatusque
622 1434 768 1466 consulta
783 1435 822 1466 de
838 1436 979 1466 exercitu
995 1436 1090 1468 facta.

582 1547 605 1576 V

266 1613 403 1647 PAULI
424 1614 486 1646 AD
509 1613 725 1646 POPULUM
747 1614 911 1647 ORATIO

135 1680 173 1711 L.
202 1680 360 1711 Aemilius
384 1680 492 1711 consul
519 1691 536 1710 e
562 1680 650 1710 curia
675 1680 707 1710 in
733 1681 913 1711 contionem
941 1683 1094 1723 processit

90 1730 331 1772 orationemque
351 1730 448 1761 talem
472 1730 598 1760 habuit.
645 1733 664 1746 ‘⁴
678 1730 951 1762 Animadvertisse
974 1733 1091 1771 videor,

89 1779 238 1817 Quirites,
250 1780 400 1811 maiorem
418 1779 495 1810 mihi
512 1779 766 1821 gratulationem
784 1780 879 1812 fuisse
892 1782 1089 1823 provinciam

87 1829 213 1867 sortito,
235 1841 331 1872 quain
363 1841 435 1861 cum
458 1829 568 1861 consul
593 1833 716 1861 creatus
740 1841 847 1862 essem.
893 1831 984 1863 Bello
1004 1832 1088 1864 enim
