1371 2128
333 149 394 180 DE
419 147 604 179 DEDITIS
628 146 802 177 OPPIDIS
1034 145 1074 177 17

70 236 294 278 pervenerunt.
342 234 412 263 Rex
435 231 475 263 ad
500 231 634 263 mediam
653 231 750 262 ferme
772 233 899 262 noctem
921 240 1025 261 errore
1041 232 1074 260 et

71 285 165 316 variis
181 282 426 315 difficultatibus
443 282 510 312 viae
528 284 659 312 vexatus
670 281 701 312 in
715 280 835 322 regiam
849 280 1005 322 ingressus
1016 282 1073 310 cst.

72 335 185 365 Perseo
210 332 337 364 obviam
366 334 521 362 venerunt
546 330 685 361 Eulaeus
712 330 898 371 Euctusquc
922 329 977 371 qui
1001 328 1072 359 urbi

72 386 242 426 praeerant
267 385 301 413 et
328 381 405 423 regii
432 381 531 423 pueri.
581 381 766 411 Amicorum
792 382 911 416 autern,
938 379 993 421 qui
1018 378 1073 409 alii

69 433 133 464 alio
149 443 221 463 casu
239 431 354 462 servati
372 442 410 461 ex
427 430 548 472 proelio
566 429 685 461 Pellam
704 432 868 465 venerant,
884 440 955 460 cum
980 439 1072 470 saepe

72 482 212 514 arcessiti
229 485 343 517 essent,
359 492 452 511 nemo
468 480 509 511 ad
522 491 593 511 eum
611 480 708 511 venit.
755 480 904 510 Metuens
920 479 1021 520 igitur
1035 489 1075 508 ne

72 532 131 569 illi,
148 531 203 574 qui
222 531 327 562 venire
350 530 391 561 ad
414 542 446 561 se
468 529 602 567 nollent,
619 529 721 560 maius
739 529 863 571 aliquid
885 540 959 559 mox
978 527 1073 558 aude-

73 585 156 619 rent,
172 584 288 623 quarta
305 580 414 621 vigilia
430 580 585 622 profugit.
632 579 737 610 Secuti
750 582 826 610 sunt
841 578 966 609 circiter
981 577 1074 619 quin-

6 652 11 655 ·
72 631 163 673 genti
201 632 376 662 Cretenses,
432 629 569 661 Petebat
608 628 851 671 Amphipolim:
890 628 943 659 sed
981 630 1076 658 nocte

74 683 163 714 Pella
186 682 318 718 exierat,
342 684 380 712 ut
402 684 478 712 ante
499 680 599 711 lucem
624 680 746 711 Axium
771 678 887 710 flumen
915 677 1073 709 traiceret.

75 734 159 763 Eum
178 732 333 762 Romanis
349 734 481 773 propter
503 729 725 761 difficultatem
748 729 903 761 transitus
927 726 1076 759 credebat

74 783 167 813 finem
184 780 335 823 sequendi
352 781 431 813 fore.

525 854 623 886 XXV

188 924 248 956 DE
270 923 453 955 DEDI'I'IS
477 922 769 955 MACEDONUM
791 920 969 954 OPPIDIS

116 991 235 1023 Consul
255 1002 327 1021 cum
349 990 382 1021 in
406 993 510 1021 castra
531 990 633 1020 victor
654 989 799 1026 venisset,
815 988 936 1019 sincero
954 985 1074 1028 gaudio

73 1042 135 1074 frui
156 1053 219 1072 non
242 1043 378 1083 poterat.
426 1041 511 1071 Cura
534 1039 617 1071 enim
641 1039 680 1070 de
704 1039 825 1070 minore
842 1037 907 1068 filio
924 1035 1073 1067 vexabat.

72 1093 103 1123 Is
127 1095 196 1123 erat
220 1092 255 1122 P.
273 1091 390 1132 Scipio,
413 1094 492 1121 natu
516 1089 652 1121 consulis
674 1088 767 1120 Pauli
791 1088 883 1126 filius,
899 1086 1075 1129 adoptione

72 1142 217 1174 Africani
250 1153 358 1183 nepos,
386 1141 441 1182 qui
473 1144 507 1171 et
536 1141 603 1183 ipse
632 1140 804 1171 Africanus
832 1141 943 1181 postea
969 1136 1075 1168 deleta

72 1192 269 1234 Carthagine
284 1190 466 1233 appellatus
482 1194 539 1221 est.
587 1190 763 1233 Septimum
780 1188 937 1220 decimum
954 1198 1073 1218 annum

70 1246 148 1273 tunc
183 1253 291 1283 agens,
322 1241 398 1271 dum
429 1240 581 1271 acerrime
617 1240 761 1281 sequitur
798 1238 916 1276 hostes,
947 1236 1073 1279 longius

71 1291 198 1323 ablatus
215 1294 294 1322 erat.
327 1290 433 1321 Serius
449 1301 520 1320 cum
537 1289 690 1327 rediisset,
703 1292 773 1320 tum
789 1288 928 1325 demum,
945 1289 1073 1329 recepto

74 1341 150 1379 filio,
167 1341 320 1372 victoriae
337 1343 447 1371 tantae
462 1339 616 1381 gaudium
631 1338 739 1370 consul
755 1339 861 1370 sensit.

117 1391 198 1422 Mox
222 1390 380 1433 principes
403 1390 577 1420 amicorum
593 1390 676 1431 regis
692 1390 855 1426 Beroeam,
872 1398 937 1429 quo
952 1398 991 1418 ex
1006 1386 1073 1418 acie

71 1440 232 1483 fugerant,
257 1440 317 1482 ipsi
345 1439 385 1471 ad
417 1439 576 1470 consulem
608 1439 744 1482 profecti
774 1438 907 1469 dedunt.
954 1436 1072 1468 Consul

70 1490 173 1533 spolia
197 1490 331 1521 iacentis
355 1489 498 1520 hostium
525 1490 682 1521 exercitus
712 1487 877 1531 peditibus
907 1487 1072 1524 concessit,

69 1539 233 1582 equitibus
256 1539 407 1582 praedam
431 1539 626 1570 circumiecti
649 1538 729 1580 agri.
775 1538 848 1580 Ipse
868 1548 969 1580 prope
986 1547 1072 1567 mare

68 1589 109 1620 ad
141 1589 287 1632 Pydnam
318 1592 423 1620 castra
453 1589 566 1620 movit.
624 1589 747 1620 Boroea
776 1587 927 1630 primum,
956 1585 1072 1617 deinde

68 1639 296 1670 Thessalonica
311 1642 345 1670 et
360 1638 450 1670 Pella
465 1642 498 1670 et
513 1638 629 1670 deinde
649 1638 752 1669 omnis
767 1638 865 1669 ferme
880 1635 1072 1668 Macedonia

69 1689 156 1721 intra
186 1689 320 1720 biduum
352 1688 473 1721 dedita.
531 1688 684 1731 Pydnaei,
714 1688 770 1730 qui
799 1687 938 1730 proximi
968 1689 1071 1723 erant,

68 1739 210 1770 nondum
234 1739 388 1770 miserant
412 1738 545 1781 legatos.
592 1738 658 1769 Nec
681 1737 804 1769 clausae
826 1737 923 1768 modo
946 1738 1072 1779 portae,

67 1788 121 1820 sed
137 1789 235 1819 etiam
252 1789 473 1820 inaedificatae
489 1792 590 1819 erant.
622 1787 683 1819 Sed
699 1788 812 1819 emissa
828 1786 958 1819 tandem
972 1785 1070 1817 turba

66 1838 197 1869 militari
217 1838 371 1881 oppidum
389 1838 534 1869 deditum
552 1841 585 1869 et
601 1837 763 1880 direptum
780 1840 837 1868 est.

950 1886 966 1911 2
