1371 2128
272 132 331 162 DE
358 132 658 163 ROMANORUM
685 131 904 162 ADVENTU
1049 131 1085 161 11

87 227 221 258 aequum
239 228 386 259 campum
405 217 496 248 facile
513 218 629 248 moveri
654 220 792 259 poterat.
840 218 955 258 Itaque
972 215 1091 246 consti-

88 266 155 297 tuit
173 268 391 298 Romanorum
407 267 580 298 adventum
597 271 776 310 expectare.

550 378 630 408 XVI

284 445 345 476 DE.
368 444 663 477 ROMANORUM
683 443 902 476 ADVENTU

132 508 250 540 Paulus
274 521 344 540 cum
373 509 489 540 flumen
515 510 691 541 transiisset
719 510 976 551 munitionesque
1008 508 1090 550 regis

89 559 227 590 desertas
254 560 387 601 cepisset
420 560 550 590 Nasicae
574 561 681 602 copias
712 571 811 602 prope
838 560 936 590 Dium
968 558 1092 589 invenit

90 609 255 650 laetusque
272 609 421 640 adiunxit
439 610 512 641 suis.
560 609 608 640 Ibi
627 610 778 651 cognovit
802 620 858 652 per
873 608 1093 651 exploratores

91 661 203 691 Persea
219 660 258 691 ad
277 661 421 703 Pydnam
438 664 614 703 expectare.
648 660 773 692 Deinde
790 671 913 691 summa
929 659 1093 690 celeritate

90 721 273 752 progressus
311 714 358 741 est
397 722 435 741 ne
474 712 603 741 Perseus
635 714 762 741 mutato
793 709 925 741 consilio
956 708 1094 751 effugere

92 763 207 803 posset.
255 760 406 791 Meridies
422 763 502 797 erat,
517 771 587 791 cum
606 772 706 803 prope
722 760 824 802 regias
834 760 942 801 copias
952 758 1093 790 advenit.

92 811 159 841 Iter
176 810 279 841 multo
303 810 432 852 pulvere
455 814 488 841 et
511 810 615 841 calido
638 810 703 841 sole
727 810 847 841 factum
863 813 943 841 erat.
990 809 1094 840 Lassi-

93 860 173 891 tudo
204 863 236 891 et
267 860 337 891 sitis
367 860 429 891 iam
462 860 694 892 sentiebantur.
741 860 866 891 Statuit
897 860 998 901 igitur
1023 870 1095 889 suos

92 910 211 941 recenti
235 910 319 941 hosti
344 922 406 941 non
432 910 565 942 obicere.
612 910 673 941 Sed
694 914 805 942 tantus
821 909 917 941 ardor
932 910 964 940 in
981 909 1095 940 animis

92 959 134 990 ad
149 959 366 991 dimicandum
378 960 540 1002 utrimque
555 964 625 991 erat
640 963 678 991 ut
694 959 800 990 consul
812 971 876 990 non
891 959 1012 989 minore
1024 961 1094 989 arte

94 1021 165 1040 suos
181 1009 307 1040 eludere
330 1021 426 1051 quam
450 1010 557 1041 hostes
573 1013 748 1051 cogeretur.
797 1010 907 1040 Aciem
925 1009 991 1039 sine
1007 1019 1096 1039 mora

95 1060 262 1097 instruxit,
278 1063 312 1091 et
328 1060 395 1102 ipse
411 1059 601 1091 circumibat
617 1060 753 1096 ordines,
764 1063 802 1090 ut
818 1060 939 1090 animos
956 1058 1095 1090 militum

94 1109 255 1141 hortando
278 1110 311 1140 in
331 1121 472 1152 pugnam
497 1109 693 1141 accenderet.
740 1110 882 1140 Primum
899 1108 1016 1140 alacres
1032 1109 1093 1150 sig-

95 1171 171 1191 num
203 1159 385 1202 poscebant.
448 1159 572 1190 Deinde
603 1163 760 1190 crescente
790 1162 890 1196 aestu,
921 1162 955 1190 et
987 1158 1095 1190 vultus

95 1210 198 1241 minus
221 1221 306 1240 acres
330 1213 363 1240 et
386 1221 475 1239 voces
499 1210 656 1250 segniores
678 1213 780 1246 erant,
797 1212 830 1240 et
846 1209 976 1251 quidam
999 1209 1096 1239 scutis

95 1260 231 1302 pilisque
246 1260 313 1290 nixi
330 1259 471 1290 stabant.
517 1260 599 1289 Tum
618 1263 727 1301 aperte
742 1258 981 1290 centurionibus
997 1259 1097 1301 impe-

95 1314 146 1341 rat
170 1313 207 1341 ut
232 1313 429 1340 metarentur
453 1310 588 1340 frontem
613 1312 788 1340 castrorum
810 1312 844 1340 et
868 1309 1098 1351 impedimenta

94 1360 336 1391 constituerent.

548 1431 645 1462 XVII

288 1501 348 1532 DE
371 1499 566 1532 NASIGAE
588 1499 908 1532 ADMONI'I'IONE

140 1567 255 1609 Legati
280 1567 397 1597 circum
417 1566 642 1608 imperatorem
669 1569 703 1597 et
729 1565 824 1596 duces
845 1565 968 1597 externi
996 1568 1098 1602 erant,

96 1628 204 1647 omnes
234 1616 460 1658 approbantes,
491 1626 561 1645 cum
593 1618 812 1657 pugnaturum
843 1626 908 1646 esse
938 1614 1099 1645 consulem

97 1666 279 1697 credebant.
325 1667 410 1696 Tum
449 1668 576 1696 mutato
610 1665 742 1696 consilio
772 1676 843 1695 cum
875 1665 930 1695 alii
959 1664 1099 1702 silerent,

99 1717 215 1747 Nasica
230 1727 311 1747 unus
327 1727 366 1746 ex
382 1715 529 1746 omnibus
545 1726 639 1746 ausus
660 1718 707 1746 est
730 1726 858 1746 monere
874 1714 1045 1752 consulem,
1062 1726 1101 1745 ne

99 1766 233 1804 hostem,
264 1766 318 1808 qui
357 1765 511 1808 fugiendo
549 1768 707 1796 certamen
738 1766 858 1807 priores
892 1765 1101 1807 imperatores

99 1815 251 1854 elusisset,
283 1815 428 1847 manibus
454 1815 604 1846 emittat:
629 1826 661 1846 se
686 1816 782 1846 vereri
809 1827 848 1846 ne
874 1819 968 1846 nocte
995 1815 1102 1851 abeat,
