1371 2128
176 284 206 309 ii.

167 343 206 368 iii.

169 401 206 427 iv.

168 520 206 546 vi.

159 579 206 607 vii.

150 639 208 665 viii.

169 696 204 722 ix.

179 1163 208 1190 ii.

168 1222 208 1248 iii.

180 1747 209 1774 ii.

461 137 712 170 EXERCISES
1047 138 1090 171 79

188 224 203 252 “.
227 221 333 257 Qualis
348 223 514 251 multitudo
533 223 615 251 Pauli
631 222 820 261 triumphum
836 223 1019 261 spectabat?

230 281 280 310 Ob
295 283 367 320 quid
384 284 544 321 praecipue
559 282 730 320 triumphus
746 284 872 320 insignis
888 286 951 310 erat
966 283 976 309 Ρ

232 341 314 369 Intra
329 346 403 379 quot
418 351 511 370 annos
527 345 612 370 tanta
628 344 756 380 pecunia
772 341 900 370 collecta
915 345 980 369 erat
993 341 1003 369 ?

232 399 322 428 Unde
338 404 403 428 erat
419 400 547 428 collecta
560 399 571 428 ?

198 480 203 486 .
228 457 345 493 Quibus
361 460 449 488 rebus
467 459 574 487 Paulus
590 461 715 498 insignis
727 458 816 488 erat?

229 517 289 552 Qui
306 522 374 556 post
389 528 507 547 currum
524 519 710 547 veniebant?

231 577 314 612 Quot
329 578 444 606 denarii
460 579 614 616 peditibus
629 579 715 607 dati?

233 636 316 671 Quot
331 639 505 676 equitibus?

230 695 260 722 Si
290 695 362 732 quid
393 695 505 724 factum
532 701 610 725 esset
645 696 751 724 Paulus
775 696 909 724 ducenos
934 695 1088 733 peditibus

269 743 427 772 dedisset?

436 922 631 950 CHAPTER
654 922 738 950 XLV

191 1008 207 1034 “.
231 1006 356 1034 Gender
391 1007 450 1035 and
488 1007 682 1035 Nominative
718 1005 860 1043 Singular
888 1005 923 1033 of
955 1015 1087 1039 casuum,

271 1056 410 1088 nominis,
446 1055 536 1089 domi,
575 1053 712 1087 heredes,
753 1052 911 1086 felicitate,
952 1051 1089 1086 fulmina,

271 1101 386 1130 funera.

231 1161 395 1199 Compare:
421 1163 527 1194 minor,
543 1160 664 1194 similes,
680 1160 820 1188 breviter.

234 1220 382 1258 Principal
399 1224 481 1258 parts
496 1219 531 1247 of
550 1219 679 1257 fulgens,
696 1221 874 1251 retinuerat,
892 1221 992 1251 natus,
1010 1227 1087 1244 mor-

271 1271 341 1294 tuus
356 1270 412 1300 est,
428 1266 622 1304 perculerint,
639 1268 753 1294 sinatis.

190 1359 206 1386 '.
231 1356 304 1385 Case
324 1356 420 1385 Uses:

273 1404 314 1441 (a)
332 1403 424 1430 What
445 1412 512 1431 case
536 1412 602 1430 uses
625 1411 674 1429 are
697 1401 801 1429 shown
826 1402 878 1428 in:
900 1401 1030 1427 nominis
1056 1403 1089 1428 et

374 1449 504 1482 familae,
519 1453 632 1487 quanta
647 1447 804 1481 felicitate,
817 1446 990 1484 spectaculo
1002 1447 1013 1473 ?

272 1497 313 1535 (b)
330 1496 492 1534 Examples
507 1496 578 1523 of—

371 1543 514 1572 Genitive
529 1542 564 1570 of
576 1541 711 1579 Quality.

372 1590 513 1618 Ablative
528 1589 563 1617 of
575 1589 725 1618 Measure.

373 1636 589 1665 Instrumental
606 1635 758 1664 Ablative.

373 1684 525 1712 Locative.

233 1743 396 1781 Examples
411 1742 482 1770 of—

273 1791 407 1818 Indirect
423 1789 583 1824 Question.

271 1837 406 1866 Indirect
420 1836 587 1864 command
603 1834 805 1874 (Dependent
821 1833 953 1870 Desire).
