<?xml version="1.0" encoding="UTF-8"?>
<!DOCTYPE html PUBLIC "-//W3C//DTD XHTML 1.0 Transitional//EN"
    "http://www.w3.org/TR/xhtml1/DTD/xhtml1-transitional.dtd">
<html xmlns="http://www.w3.org/1999/xhtml" xml:lang="en" lang="en">
 <head>
  <title>
</title>
<meta http-equiv="Content-Type" content="text/html;charset=utf-8" />
  <meta name='ocr-system' content='tesseract 3.04.00' />
  <meta name='ocr-capabilities' content='ocr_page ocr_carea ocr_par ocr_line ocrx_word'/>
</head>
<body>
  <div class='ocr_page' id='page_1' title='image "./clariromaniaemil00daleuoft_0119.png"; bbox 0 0 1371 2128; ppageno 0'>
   <div class='ocr_carea' id='block_1_1' title="bbox 0 746 3 1280">
    <p class='ocr_par' dir='ltr' id='par_1_1' title="bbox 0 746 3 1280">
     <span class='ocr_line' id='line_1_1' title="bbox 0 746 3 1280; baseline 0 0"><span class='ocrx_word' id='word_1_1' title='bbox 0 746 3 1280; x_wconf 95' lang='lat' dir='ltr'><strong> </strong></span> 
     </span>
    </p>
   </div>
   <div class='ocr_carea' id='block_1_2' title="bbox 164 317 192 343">
    <p class='ocr_par' dir='ltr' id='par_1_2' title="bbox 164 317 192 343">
     <span class='ocr_line' id='line_1_2' title="bbox 164 317 192 343; baseline 0.036 -1"><span class='ocrx_word' id='word_1_2' title='bbox 164 317 192 343; x_wconf 92' lang='lat' dir='ltr'><strong>ii.</strong></span> 
     </span>
    </p>
   </div>
   <div class='ocr_carea' id='block_1_3' title="bbox 155 418 194 444">
    <p class='ocr_par' dir='ltr' id='par_1_3' title="bbox 155 418 194 444">
     <span class='ocr_line' id='line_1_3' title="bbox 155 418 194 444; baseline 0 0"><span class='ocrx_word' id='word_1_3' title='bbox 155 418 194 444; x_wconf 92' lang='lat' dir='ltr'><strong>iii.</strong></span> 
     </span>
    </p>
   </div>
   <div class='ocr_carea' id='block_1_4' title="bbox 101 501 199 899">
    <p class='ocr_par' dir='ltr' id='par_1_4' title="bbox 101 501 194 581">
     <span class='ocr_line' id='line_1_4' title="bbox 101 501 192 530; baseline 0.011 -2"><span class='ocrx_word' id='word_1_4' title='bbox 101 501 132 529; x_wconf 88' lang='lat' dir='ltr'><strong>C.</strong></span> <span class='ocrx_word' id='word_1_5' title='bbox 176 503 192 530; x_wconf 92' lang='lat' dir='ltr'><strong>i.</strong></span> 
     </span>
     <span class='ocr_line' id='line_1_5' title="bbox 166 555 194 581; baseline 0 0"><span class='ocrx_word' id='word_1_6' title='bbox 166 555 194 581; x_wconf 90' lang='lat' dir='ltr'><strong>ii.</strong></span> 
     </span>
    </p>

    <p class='ocr_par' dir='ltr' id='par_1_5' title="bbox 158 607 199 634">
     <span class='ocr_line' id='line_1_6' title="bbox 158 607 199 634; baseline 0.024 -1"><span class='ocrx_word' id='word_1_7' title='bbox 158 607 199 634; x_wconf 87' lang='lat' dir='ltr'><strong>iii.</strong></span> 
     </span>
    </p>

    <p class='ocr_par' dir='ltr' id='par_1_6' title="bbox 156 661 192 687">
     <span class='ocr_line' id='line_1_7' title="bbox 156 661 192 687; baseline 0.028 -1"><span class='ocrx_word' id='word_1_8' title='bbox 156 661 192 687; x_wconf 89' lang='lat' dir='ltr'><strong>iv.</strong></span> 
     </span>
    </p>

    <p class='ocr_par' dir='ltr' id='par_1_7' title="bbox 167 722 194 740">
     <span class='ocr_line' id='line_1_8' title="bbox 167 722 194 740; baseline 0.037 -1"><span class='ocrx_word' id='word_1_9' title='bbox 167 722 194 740; x_wconf 89' lang='lat' dir='ltr'><strong>v.</strong></span> 
     </span>
    </p>

    <p class='ocr_par' dir='ltr' id='par_1_8' title="bbox 161 767 196 793">
     <span class='ocr_line' id='line_1_9' title="bbox 161 767 196 793; baseline 0.029 -1"><span class='ocrx_word' id='word_1_10' title='bbox 161 767 196 793; x_wconf 91' lang='lat' dir='ltr'><strong>vi.</strong></span> 
     </span>
    </p>

    <p class='ocr_par' dir='ltr' id='par_1_9' title="bbox 139 820 197 899">
     <span class='ocr_line' id='line_1_10' title="bbox 147 820 194 847; baseline 0.043 -2"><span class='ocrx_word' id='word_1_11' title='bbox 147 820 194 847; x_wconf 89' lang='lat' dir='ltr'><strong>vii.</strong></span> 
     </span>
     <span class='ocr_line' id='line_1_11' title="bbox 139 873 197 899; baseline 0.017 -1"><span class='ocrx_word' id='word_1_12' title='bbox 139 873 197 899; x_wconf 94' lang='lat' dir='ltr'><strong>viii.</strong></span> 
     </span>
    </p>
   </div>
   <div class='ocr_carea' id='block_1_5' title="bbox 157 926 196 952">
    <p class='ocr_par' dir='ltr' id='par_1_10' title="bbox 157 926 196 952">
     <span class='ocr_line' id='line_1_12' title="bbox 157 926 196 952; baseline 0 0"><span class='ocrx_word' id='word_1_13' title='bbox 157 926 196 952; x_wconf 88' lang='lat' dir='ltr'><strong>ix.</strong></span> 
     </span>
    </p>
   </div>
   <div class='ocr_carea' id='block_1_6' title="bbox 98 1236 197 1263">
    <p class='ocr_par' dir='ltr' id='par_1_11' title="bbox 98 1236 197 1263">
     <span class='ocr_line' id='line_1_13' title="bbox 98 1236 197 1263; baseline 0.01 -1"><span class='ocrx_word' id='word_1_14' title='bbox 98 1236 135 1263; x_wconf 85' lang='grc' dir='ltr'><strong>Α.</strong></span> <span class='ocrx_word' id='word_1_15' title='bbox 179 1238 197 1263; x_wconf 93' lang='lat' dir='ltr'><strong>i.</strong></span> 
     </span>
    </p>
   </div>
   <div class='ocr_carea' id='block_1_7' title="bbox 450 120 1070 155">
    <p class='ocr_par' dir='ltr' id='par_1_12' title="bbox 450 120 1070 155">
     <span class='ocr_line' id='line_1_14' title="bbox 450 120 1070 155; baseline -0.008 0"><span class='ocrx_word' id='word_1_16' title='bbox 450 123 698 155; x_wconf 74' lang='lat' dir='ltr'>EXERCISES</span> <span class='ocrx_word' id='word_1_17' title='bbox 1033 120 1070 151; x_wconf 82' lang='lat'><strong>71</strong></span> 
     </span>
    </p>
   </div>
   <div class='ocr_carea' id='block_1_8' title="bbox 217 208 1074 456">
    <p class='ocr_par' dir='ltr' id='par_1_13' title="bbox 217 208 1074 456">
     <span class='ocr_line' id='line_1_15' title="bbox 259 208 1074 247; baseline -0.005 -10"><span class='ocrx_word' id='word_1_18' title='bbox 259 209 296 247; x_wconf 82' lang='lat' dir='ltr'><strong>(c)</strong></span> <span class='ocrx_word' id='word_1_19' title='bbox 320 209 411 238; x_wconf 76' lang='lat' dir='ltr'><strong>What</strong></span> <span class='ocrx_word' id='word_1_20' title='bbox 434 210 507 238; x_wconf 75' lang='lat' dir='ltr'><strong>Case</strong></span> <span class='ocrx_word' id='word_1_21' title='bbox 532 209 593 238; x_wconf 88' lang='lat' dir='ltr'><strong>Use</strong></span> <span class='ocrx_word' id='word_1_22' title='bbox 617 211 641 237; x_wconf 86' lang='lat' dir='ltr'><strong>is</strong></span> <span class='ocrx_word' id='word_1_23' title='bbox 664 208 768 236; x_wconf 89' lang='lat' dir='ltr'><strong>shown</strong></span> <span class='ocrx_word' id='word_1_24' title='bbox 791 210 821 235; x_wconf 90' lang='lat' dir='ltr'><strong>in</strong></span> <span class='ocrx_word' id='word_1_25' title='bbox 848 209 945 245; x_wconf 85' lang='lat' dir='ltr'><strong>initio,</strong></span> <span class='ocrx_word' id='word_1_26' title='bbox 967 208 1074 244; x_wconf 86' lang='lat' dir='ltr'><strong>spatio,</strong></span> 
     </span>
     <span class='ocr_line' id='line_1_16' title="bbox 360 255 784 292; baseline -0.005 -8"><span class='ocrx_word' id='word_1_27' title='bbox 360 256 510 292; x_wconf 84' lang='lat' dir='ltr'>Aulidem,</span> <span class='ocrx_word' id='word_1_28' title='bbox 527 258 618 284; x_wconf 85' lang='lat' dir='ltr'><strong>trium</strong></span> <span class='ocrx_word' id='word_1_29' title='bbox 634 255 784 283; x_wconf 88' lang='lat' dir='ltr'><strong>millium?</strong></span> 
     </span>
     <span class='ocr_line' id='line_1_17' title="bbox 217 312 1074 353; baseline -0.004 -11"><span class='ocrx_word' id='word_1_30' title='bbox 217 315 308 343; x_wconf 76' lang='lat' dir='ltr'><strong>What</strong></span> <span class='ocrx_word' id='word_1_31' title='bbox 320 316 362 353; x_wconf 86' lang='lat' dir='ltr'><strong>(a)</strong></span> <span class='ocrx_word' id='word_1_32' title='bbox 376 315 502 352; x_wconf 86' lang='lat' dir='ltr'><strong>Subject</strong></span> <span class='ocrx_word' id='word_1_33' title='bbox 516 315 551 343; x_wconf 86' lang='lat' dir='ltr'><strong>of</strong></span> <span class='ocrx_word' id='word_1_34' title='bbox 565 316 760 352; x_wconf 78' lang='lat' dir='ltr'><strong>“imposituri</strong></span> <span class='ocrx_word' id='word_1_35' title='bbox 774 312 923 347; x_wconf 83' lang='lat' dir='ltr'><strong>fuerant,”</strong></span> <span class='ocrx_word' id='word_1_36' title='bbox 936 312 975 351; x_wconf 83' lang='lat' dir='ltr'><strong>(b)</strong></span> <span class='ocrx_word' id='word_1_37' title='bbox 992 312 1074 340; x_wconf 88' lang='lat' dir='ltr'><strong>Verb</strong></span> 
     </span>
     <span class='ocr_line' id='line_1_18' title="bbox 254 360 885 395; baseline -0.005 -5"><span class='ocrx_word' id='word_1_38' title='bbox 254 362 328 390; x_wconf 83' lang='lat' dir='ltr'><strong>with</strong></span> <span class='ocrx_word' id='word_1_39' title='bbox 345 367 362 378; x_wconf 83' lang='lat'><strong>‘¹</strong></span> <span class='ocrx_word' id='word_1_40' title='bbox 373 362 444 391; x_wconf 90' lang='lat' dir='ltr'><strong>inde</strong></span> <span class='ocrx_word' id='word_1_41' title='bbox 459 361 626 395; x_wconf 83' lang='lat' dir='ltr'><strong>Athenas,”</strong></span> <span class='ocrx_word' id='word_1_42' title='bbox 640 364 664 389; x_wconf 84' lang='lat' dir='ltr'><strong>is</strong></span> <span class='ocrx_word' id='word_1_43' title='bbox 680 360 885 390; x_wconf 85' lang='lat' dir='ltr'><strong>understood?</strong></span> 
     </span>
     <span class='ocr_line' id='line_1_19' title="bbox 220 417 731 456; baseline -0.002 -11"><span class='ocrx_word' id='word_1_44' title='bbox 220 417 382 456; x_wconf 80' lang='lat' dir='ltr'><strong>Examples</strong></span> <span class='ocrx_word' id='word_1_45' title='bbox 396 417 430 446; x_wconf 88' lang='lat' dir='ltr'><strong>of</strong></span> <span class='ocrx_word' id='word_1_46' title='bbox 445 418 579 445; x_wconf 90' lang='lat' dir='ltr'><strong>Historic</strong></span> <span class='ocrx_word' id='word_1_47' title='bbox 597 417 731 445; x_wconf 88' lang='lat' dir='ltr'><strong>l&#39;resent.</strong></span> 
     </span>
    </p>
   </div>
   <div class='ocr_carea' id='block_1_9' title="bbox 217 501 1077 959">
    <p class='ocr_par' dir='ltr' id='par_1_14' title="bbox 218 501 946 540">
     <span class='ocr_line' id='line_1_20' title="bbox 218 501 946 540; baseline 0 -11"><span class='ocrx_word' id='word_1_48' title='bbox 218 501 348 536; x_wconf 84' lang='lat' dir='ltr'>Quando</span> <span class='ocrx_word' id='word_1_49' title='bbox 366 502 473 530; x_wconf 87' lang='lat' dir='ltr'><strong>Paulus</strong></span> <span class='ocrx_word' id='word_1_50' title='bbox 489 505 519 530; x_wconf 93' lang='lat' dir='ltr'><strong>in</strong></span> <span class='ocrx_word' id='word_1_51' title='bbox 536 502 694 531; x_wconf 82' lang='lat' dir='ltr'><strong>Graeciam</strong></span> <span class='ocrx_word' id='word_1_52' title='bbox 710 502 864 540; x_wconf 85' lang='lat' dir='ltr'><strong>profectus</strong></span> <span class='ocrx_word' id='word_1_53' title='bbox 878 502 946 530; x_wconf 88' lang='lat' dir='ltr'><strong>est?</strong></span> 
     </span>
    </p>

    <p class='ocr_par' dir='ltr' id='par_1_15' title="bbox 220 553 557 592">
     <span class='ocr_line' id='line_1_21' title="bbox 220 553 557 592; baseline -0.003 -10"><span class='ocrx_word' id='word_1_54' title='bbox 220 553 301 589; x_wconf 80' lang='lat' dir='ltr'><strong>Quid</strong></span> <span class='ocrx_word' id='word_1_55' title='bbox 319 554 447 592; x_wconf 89' lang='lat' dir='ltr'><strong>Delphis</strong></span> <span class='ocrx_word' id='word_1_56' title='bbox 463 554 557 583; x_wconf 86' lang='lat' dir='ltr'><strong>fecit?</strong></span> 
     </span>
    </p>

    <p class='ocr_par' dir='ltr' id='par_1_16' title="bbox 224 605 941 644">
     <span class='ocr_line' id='line_1_22' title="bbox 224 605 941 644; baseline 0 -10"><span class='ocrx_word' id='word_1_57' title='bbox 224 605 305 640; x_wconf 76' lang='lat' dir='ltr'><strong>Quas</strong></span> <span class='ocrx_word' id='word_1_58' title='bbox 321 610 434 634; x_wconf 83' lang='lat' dir='ltr'><strong>statuas</strong></span> <span class='ocrx_word' id='word_1_59' title='bbox 450 606 597 634; x_wconf 89' lang='lat' dir='ltr'><strong>columnis</strong></span> <span class='ocrx_word' id='word_1_60' title='bbox 612 608 781 644; x_wconf 81' lang='lat' dir='ltr'><strong>imposituri</strong></span> <span class='ocrx_word' id='word_1_61' title='bbox 798 606 941 635; x_wconf 81' lang='lat' dir='ltr'><strong>fuerant?</strong></span> 
     </span>
    </p>

    <p class='ocr_par' dir='ltr' id='par_1_17' title="bbox 217 658 1077 750">
     <span class='ocr_line' id='line_1_23' title="bbox 217 658 1077 698; baseline -0.001 -12"><span class='ocrx_word' id='word_1_62' title='bbox 217 659 265 687; x_wconf 79' lang='lat' dir='ltr'><strong>Ad</strong></span> <span class='ocrx_word' id='word_1_63' title='bbox 277 659 358 698; x_wconf 91' lang='lat' dir='ltr'><strong>quod</strong></span> <span class='ocrx_word' id='word_1_64' title='bbox 368 659 573 697; x_wconf 86' lang='lat' dir='ltr'><strong>spectaculum</strong></span> <span class='ocrx_word' id='word_1_65' title='bbox 586 660 694 687; x_wconf 88' lang='lat' dir='ltr'><strong>Paulus</strong></span> <span class='ocrx_word' id='word_1_66' title='bbox 707 659 881 688; x_wconf 84' lang='lat' dir='ltr'><strong>Chalcidem</strong></span> <span class='ocrx_word' id='word_1_67' title='bbox 893 658 1054 687; x_wconf 87' lang='lat' dir='ltr'><strong>descendit</strong></span> <span class='ocrx_word' id='word_1_68' title='bbox 1066 658 1077 685; x_wconf 87' lang='lat'>?</span> 
     </span>
     <span class='ocr_line' id='line_1_24' title="bbox 218 712 729 750; baseline 0.002 -10"><span class='ocrx_word' id='word_1_69' title='bbox 218 712 341 747; x_wconf 82' lang='lat' dir='ltr'><strong>Quanto</strong></span> <span class='ocrx_word' id='word_1_70' title='bbox 357 715 454 750; x_wconf 85' lang='lat' dir='ltr'><strong>spatio</strong></span> <span class='ocrx_word' id='word_1_71' title='bbox 471 713 556 740; x_wconf 84' lang='lat' dir='ltr'><strong>Aulis</strong></span> <span class='ocrx_word' id='word_1_72' title='bbox 572 713 729 741; x_wconf 83' lang='lat' dir='ltr'><strong>distabat?</strong></span> 
     </span>
    </p>

    <p class='ocr_par' dir='ltr' id='par_1_18' title="bbox 221 765 946 803">
     <span class='ocr_line' id='line_1_25' title="bbox 221 765 946 803; baseline 0.001 -10"><span class='ocrx_word' id='word_1_73' title='bbox 221 766 280 793; x_wconf 80' lang='lat' dir='ltr'><strong>Cur</strong></span> <span class='ocrx_word' id='word_1_74' title='bbox 295 766 507 803; x_wconf 84' lang='lat' dir='ltr'>Agamemnon</span> <span class='ocrx_word' id='word_1_75' title='bbox 524 766 614 794; x_wconf 84' lang='lat' dir='ltr'><strong>filiam</strong></span> <span class='ocrx_word' id='word_1_76' title='bbox 630 776 712 794; x_wconf 88' lang='lat' dir='ltr'><strong>suam</strong></span> <span class='ocrx_word' id='word_1_77' title='bbox 729 765 946 794; x_wconf 76' lang='lat' dir='ltr'><strong>interfecerat?</strong></span> 
     </span>
    </p>

    <p class='ocr_par' dir='ltr' id='par_1_19' title="bbox 219 818 496 857">
     <span class='ocr_line' id='line_1_26' title="bbox 219 818 496 857; baseline 0.007 -11"><span class='ocrx_word' id='word_1_78' title='bbox 219 819 301 853; x_wconf 81' lang='lat' dir='ltr'><strong>Quid</strong></span> <span class='ocrx_word' id='word_1_79' title='bbox 319 818 411 857; x_wconf 88' lang='lat' dir='ltr'><strong>Oropi</strong></span> <span class='ocrx_word' id='word_1_80' title='bbox 428 820 496 848; x_wconf 84' lang='lat' dir='ltr'><strong>est?</strong></span> 
     </span>
    </p>

    <p class='ocr_par' dir='ltr' id='par_1_20' title="bbox 221 871 679 909">
     <span class='ocr_line' id='line_1_27' title="bbox 221 871 679 909; baseline 0.002 -10"><span class='ocrx_word' id='word_1_81' title='bbox 221 871 290 906; x_wconf 85' lang='lat' dir='ltr'><strong>Quo</strong></span> <span class='ocrx_word' id='word_1_82' title='bbox 305 871 414 909; x_wconf 84' lang='lat' dir='ltr'><strong>plenae</strong></span> <span class='ocrx_word' id='word_1_83' title='bbox 429 876 500 900; x_wconf 86' lang='lat' dir='ltr'><strong>sunt</strong></span> <span class='ocrx_word' id='word_1_84' title='bbox 516 872 679 900; x_wconf 86' lang='lat' dir='ltr'><strong>Athenae?</strong></span> 
     </span>
    </p>

    <p class='ocr_par' dir='ltr' id='par_1_21' title="bbox 219 924 760 959">
     <span class='ocr_line' id='line_1_28' title="bbox 219 924 760 959; baseline 0 -7"><span class='ocrx_word' id='word_1_85' title='bbox 219 924 278 959; x_wconf 82' lang='lat' dir='ltr'><strong>Qui</strong></span> <span class='ocrx_word' id='word_1_86' title='bbox 296 924 427 953; x_wconf 76' lang='lat' dir='ltr'><strong>Athenis</strong></span> <span class='ocrx_word' id='word_1_87' title='bbox 443 927 519 952; x_wconf 87' lang='lat' dir='ltr'><strong>muri</strong></span> <span class='ocrx_word' id='word_1_88' title='bbox 536 925 652 953; x_wconf 79' lang='lat' dir='ltr'><strong>visendi</strong></span> <span class='ocrx_word' id='word_1_89' title='bbox 668 926 760 953; x_wconf 86' lang='lat' dir='ltr'><strong>sunt?</strong></span> 
     </span>
    </p>
   </div>
   <div class='ocr_carea' id='block_1_10' title="bbox 217 977 1025 1012">
    <p class='ocr_par' dir='ltr' id='par_1_22' title="bbox 217 977 1025 1012">
     <span class='ocr_line' id='line_1_29' title="bbox 217 977 1025 1012; baseline 0 -7"><span class='ocrx_word' id='word_1_90' title='bbox 217 977 326 1012; x_wconf 85' lang='lat' dir='ltr'><strong>Qualia</strong></span> <span class='ocrx_word' id='word_1_91' title='bbox 342 982 412 1006; x_wconf 92' lang='lat' dir='ltr'><strong>sunt</strong></span> <span class='ocrx_word' id='word_1_92' title='bbox 428 979 469 1007; x_wconf 90' lang='lat' dir='ltr'><strong>ibi</strong></span> <span class='ocrx_word' id='word_1_93' title='bbox 484 978 610 1007; x_wconf 86' lang='lat' dir='ltr'><strong>deorum</strong></span> <span class='ocrx_word' id='word_1_94' title='bbox 626 982 657 1007; x_wconf 87' lang='lat' dir='ltr'><strong>et</strong></span> <span class='ocrx_word' id='word_1_95' title='bbox 673 978 830 1007; x_wconf 87' lang='lat' dir='ltr'><strong>hominum</strong></span> <span class='ocrx_word' id='word_1_96' title='bbox 846 978 1025 1007; x_wconf 82' lang='lat' dir='ltr'><strong>simulacra?</strong></span> 
     </span>
    </p>
   </div>
   <div class='ocr_carea' id='block_1_11' title="bbox 392 1146 759 1174">
    <p class='ocr_par' dir='ltr' id='par_1_23' title="bbox 392 1146 759 1174">
     <span class='ocr_line' id='line_1_30' title="bbox 392 1146 759 1174; baseline -0.003 0"><span class='ocrx_word' id='word_1_97' title='bbox 392 1146 587 1174; x_wconf 89' lang='lat' dir='ltr'>CHAPTER</span> <span class='ocrx_word' id='word_1_98' title='bbox 610 1146 759 1174; x_wconf 86' lang='lat' dir='ltr'>XXXVII</span> 
     </span>
    </p>
   </div>
   <div class='ocr_carea' id='block_1_12' title="bbox 223 1235 1076 1316">
    <p class='ocr_par' dir='ltr' id='par_1_24' title="bbox 223 1235 1076 1316">
     <span class='ocr_line' id='line_1_31' title="bbox 223 1235 1076 1273; baseline 0.001 -11"><span class='ocrx_word' id='word_1_99' title='bbox 223 1235 415 1263; x_wconf 81' lang='lat' dir='ltr'><strong>Nominative</strong></span> <span class='ocrx_word' id='word_1_100' title='bbox 438 1235 580 1273; x_wconf 81' lang='lat' dir='ltr'><strong>Singular</strong></span> <span class='ocrx_word' id='word_1_101' title='bbox 597 1236 657 1264; x_wconf 84' lang='lat' dir='ltr'><strong>and</strong></span> <span class='ocrx_word' id='word_1_102' title='bbox 681 1235 805 1264; x_wconf 87' lang='lat' dir='ltr'><strong>Gender</strong></span> <span class='ocrx_word' id='word_1_103' title='bbox 819 1235 854 1263; x_wconf 90' lang='lat' dir='ltr'><strong>of</strong></span> <span class='ocrx_word' id='word_1_104' title='bbox 871 1245 980 1269; x_wconf 86' lang='lat' dir='ltr'><strong>arcem,</strong></span> <span class='ocrx_word' id='word_1_105' title='bbox 997 1238 1076 1264; x_wconf 90' lang='lat' dir='ltr'><strong>exci-</strong></span> 
     </span>
     <span class='ocr_line' id='line_1_32' title="bbox 258 1282 939 1316; baseline 0 -6"><span class='ocrx_word' id='word_1_106' title='bbox 258 1282 353 1316; x_wconf 84' lang='lat' dir='ltr'><strong>dium,</strong></span> <span class='ocrx_word' id='word_1_107' title='bbox 370 1282 513 1316; x_wconf 84' lang='lat' dir='ltr'><strong>fontibus,</strong></span> <span class='ocrx_word' id='word_1_108' title='bbox 530 1283 712 1316; x_wconf 85' lang='lat' dir='ltr'><strong>mercedem,</strong></span> <span class='ocrx_word' id='word_1_109' title='bbox 730 1283 939 1311; x_wconf 85' lang='lat' dir='ltr'><strong>remediorum.</strong></span> 
     </span>
    </p>
   </div>
   <div class='ocr_carea' id='block_1_13' title="bbox 170 1335 1080 1374">
    <p class='ocr_par' dir='ltr' id='par_1_25' title="bbox 170 1335 1080 1374">
     <span class='ocr_line' id='line_1_33' title="bbox 170 1335 1080 1374; baseline 0.001 -11"><span class='ocrx_word' id='word_1_110' title='bbox 170 1337 196 1364; x_wconf 92' lang='lat' dir='ltr'><strong>ii.</strong></span> <span class='ocrx_word' id='word_1_111' title='bbox 225 1335 353 1364; x_wconf 89' lang='lat' dir='ltr'><strong>Decline</strong></span> <span class='ocrx_word' id='word_1_112' title='bbox 373 1338 404 1363; x_wconf 91' lang='lat' dir='ltr'><strong>in</strong></span> <span class='ocrx_word' id='word_1_113' title='bbox 426 1335 568 1373; x_wconf 85' lang='lat' dir='ltr'><strong>Singular</strong></span> <span class='ocrx_word' id='word_1_114' title='bbox 582 1336 635 1373; x_wconf 91' lang='lat' dir='ltr'><strong>(all</strong></span> <span class='ocrx_word' id='word_1_115' title='bbox 652 1336 816 1373; x_wconf 83' lang='lat' dir='ltr'><strong>genders):</strong></span> <span class='ocrx_word' id='word_1_116' title='bbox 837 1336 943 1369; x_wconf 81' lang='lat' dir='ltr'><strong>altem,</strong></span> <span class='ocrx_word' id='word_1_117' title='bbox 966 1346 1080 1374; x_wconf 82' lang='lat' dir='ltr'><strong>parem,</strong></span> 
     </span>
    </p>
   </div>
   <div class='ocr_carea' id='block_1_14' title="bbox 157 1437 198 1464">
    <p class='ocr_par' dir='ltr' id='par_1_26' title="bbox 157 1437 198 1464">
     <span class='ocr_line' id='line_1_34' title="bbox 157 1437 198 1464; baseline 0.024 -1"><span class='ocrx_word' id='word_1_118' title='bbox 157 1437 198 1464; x_wconf 81' lang='lat' dir='ltr'><strong>iii.</strong></span> 
     </span>
    </p>
   </div>
   <div class='ocr_carea' id='block_1_15' title="bbox 100 1520 192 1550">
    <p class='ocr_par' dir='ltr' id='par_1_27' title="bbox 100 1520 192 1550">
     <span class='ocr_line' id='line_1_35' title="bbox 100 1520 192 1550; baseline 0.022 -2"><span class='ocrx_word' id='word_1_119' title='bbox 100 1520 131 1550; x_wconf 81' lang='lat' dir='ltr'><strong>B.</strong></span> <span class='ocrx_word' id='word_1_120' title='bbox 175 1523 192 1550; x_wconf 95' lang='lat' dir='ltr'><strong>i.</strong></span> 
     </span>
    </p>
   </div>
   <div class='ocr_carea' id='block_1_16' title="bbox 224 1382 1077 1474">
    <p class='ocr_par' dir='ltr' id='par_1_28' title="bbox 224 1382 1077 1474">
     <span class='ocr_line' id='line_1_36' title="bbox 264 1382 447 1410; baseline 0 0"><span class='ocrx_word' id='word_1_121' title='bbox 264 1382 447 1410; x_wconf 79' lang='lat' dir='ltr'><strong>salutarium.</strong></span> 
     </span>
     <span class='ocr_line' id='line_1_37' title="bbox 224 1435 1077 1474; baseline 0.001 -11"><span class='ocrx_word' id='word_1_122' title='bbox 224 1435 372 1473; x_wconf 84' lang='lat' dir='ltr'><strong>Principal</strong></span> <span class='ocrx_word' id='word_1_123' title='bbox 390 1440 473 1474; x_wconf 81' lang='lat' dir='ltr'><strong>parts</strong></span> <span class='ocrx_word' id='word_1_124' title='bbox 487 1435 522 1464; x_wconf 77' lang='lat' dir='ltr'><strong>of</strong></span> <span class='ocrx_word' id='word_1_125' title='bbox 539 1445 675 1474; x_wconf 78' lang='lat' dir='ltr'><strong>surgenS‚</strong></span> <span class='ocrx_word' id='word_1_126' title='bbox 691 1436 847 1470; x_wconf 85' lang='lat' dir='ltr'><strong>dirimens,</strong></span> <span class='ocrx_word' id='word_1_127' title='bbox 862 1436 936 1470; x_wconf 82' lang='lat' dir='ltr'><strong>adit,</strong></span> <span class='ocrx_word' id='word_1_128' title='bbox 952 1438 1077 1464; x_wconf 82' lang='lat' dir='ltr'><strong>omissis.</strong></span> 
     </span>
    </p>
   </div>
   <div class='ocr_carea' id='block_1_17' title="bbox 221 1521 735 1738">
    <p class='ocr_par' dir='ltr' id='par_1_29' title="bbox 221 1521 405 1549">
     <span class='ocr_line' id='line_1_38' title="bbox 221 1521 405 1549; baseline 0.005 -1"><span class='ocrx_word' id='word_1_129' title='bbox 221 1522 294 1549; x_wconf 75' lang='lat' dir='ltr'><strong>Case</strong></span> <span class='ocrx_word' id='word_1_130' title='bbox 313 1521 405 1549; x_wconf 71' lang='lat' dir='ltr'><strong>L&#39;ses:</strong></span> 
     </span>
    </p>

    <p class='ocr_par' dir='ltr' id='par_1_30' title="bbox 261 1568 735 1738">
     <span class='ocr_line' id='line_1_39' title="bbox 261 1568 576 1607; baseline 0 -11"><span class='ocrx_word' id='word_1_131' title='bbox 261 1570 304 1607; x_wconf 85' lang='grc' dir='ltr'><strong>(α)</strong></span> <span class='ocrx_word' id='word_1_132' title='bbox 327 1568 490 1606; x_wconf 83' lang='lat' dir='ltr'><strong>Examples</strong></span> <span class='ocrx_word' id='word_1_133' title='bbox 505 1568 576 1596; x_wconf 83' lang='lat' dir='ltr'><strong>of—</strong></span> 
     </span>
     <span class='ocr_line' id='line_1_40' title="bbox 365 1615 735 1646; baseline 0.005 -3"><span class='ocrx_word' id='word_1_134' title='bbox 365 1615 545 1644; x_wconf 84' lang='lat' dir='ltr'><strong>Accusative</strong></span> <span class='ocrx_word' id='word_1_135' title='bbox 561 1615 596 1643; x_wconf 88' lang='lat' dir='ltr'><strong>of</strong></span> <span class='ocrx_word' id='word_1_136' title='bbox 608 1616 735 1646; x_wconf 91' lang='lat' dir='ltr'><strong>Motion.</strong></span> 
     </span>
     <span class='ocr_line' id='line_1_41' title="bbox 361 1662 707 1700; baseline 0.003 -11"><span class='ocrx_word' id='word_1_137' title='bbox 361 1662 503 1690; x_wconf 79' lang='lat' dir='ltr'><strong>Ablative</strong></span> <span class='ocrx_word' id='word_1_138' title='bbox 519 1662 553 1690; x_wconf 91' lang='lat' dir='ltr'><strong>of</strong></span> <span class='ocrx_word' id='word_1_139' title='bbox 568 1663 707 1700; x_wconf 87' lang='lat' dir='ltr'><strong>Respect.</strong></span> 
     </span>
     <span class='ocr_line' id='line_1_42' title="bbox 363 1709 715 1738; baseline 0.006 -2"><span class='ocrx_word' id='word_1_140' title='bbox 363 1709 505 1738; x_wconf 84' lang='lat' dir='ltr'><strong>Ablative</strong></span> <span class='ocrx_word' id='word_1_141' title='bbox 521 1709 555 1736; x_wconf 90' lang='lat' dir='ltr'><strong>of</strong></span> <span class='ocrx_word' id='word_1_142' title='bbox 568 1709 715 1738; x_wconf 83' lang='lat' dir='ltr'><strong>Measure.</strong></span> 
     </span>
    </p>
   </div>
   <div class='ocr_carea' id='block_1_18' title="bbox 263 1762 1082 1802">
    <p class='ocr_par' dir='ltr' id='par_1_31' title="bbox 263 1762 1082 1802">
     <span class='ocr_line' id='line_1_43' title="bbox 263 1762 1082 1802; baseline 0.002 -13"><span class='ocrx_word' id='word_1_143' title='bbox 263 1762 305 1798; x_wconf 78' lang='lat' dir='ltr'><strong>(b)</strong></span> <span class='ocrx_word' id='word_1_144' title='bbox 328 1762 420 1790; x_wconf 84' lang='lat' dir='ltr'><strong>What</strong></span> <span class='ocrx_word' id='word_1_145' title='bbox 436 1772 487 1791; x_wconf 89' lang='lat' dir='ltr'><strong>use</strong></span> <span class='ocrx_word' id='word_1_146' title='bbox 503 1765 527 1791; x_wconf 83' lang='lat' dir='ltr'><strong>is</strong></span> <span class='ocrx_word' id='word_1_147' title='bbox 542 1773 614 1791; x_wconf 87' lang='lat' dir='ltr'><strong>seen</strong></span> <span class='ocrx_word' id='word_1_148' title='bbox 630 1765 660 1790; x_wconf 93' lang='lat' dir='ltr'><strong>in</strong></span> <span class='ocrx_word' id='word_1_149' title='bbox 675 1763 835 1802; x_wconf 86' lang='lat' dir='ltr'><strong>disciplina</strong></span> <span class='ocrx_word' id='word_1_150' title='bbox 850 1766 1058 1802; x_wconf 77' lang='lat' dir='ltr'><strong>institutisque</strong></span> <span class='ocrx_word' id='word_1_151' title='bbox 1071 1765 1082 1791; x_wconf 89' lang='lat'>?</span> 
     </span>
    </p>
   </div>
   <div class='ocr_carea' id='block_1_19' title="bbox 172 1817 1082 1857">
    <p class='ocr_par' dir='ltr' id='par_1_32' title="bbox 172 1817 1082 1857">
     <span class='ocr_line' id='line_1_44' title="bbox 172 1817 1082 1857; baseline 0.002 -12"><span class='ocrx_word' id='word_1_152' title='bbox 172 1819 201 1846; x_wconf 89' lang='lat' dir='ltr'><strong>ii.</strong></span> <span class='ocrx_word' id='word_1_153' title='bbox 227 1817 317 1846; x_wconf 72' lang='lat' dir='ltr'><strong>What</strong></span> <span class='ocrx_word' id='word_1_154' title='bbox 332 1818 407 1846; x_wconf 84' lang='lat' dir='ltr'><strong>kind</strong></span> <span class='ocrx_word' id='word_1_155' title='bbox 422 1817 457 1846; x_wconf 85' lang='lat' dir='ltr'><strong>of</strong></span> <span class='ocrx_word' id='word_1_156' title='bbox 468 1818 568 1847; x_wconf 83' lang='lat' dir='ltr'><strong>clause</strong></span> <span class='ocrx_word' id='word_1_157' title='bbox 580 1820 604 1846; x_wconf 89' lang='lat' dir='ltr'><strong>is</strong></span> <span class='ocrx_word' id='word_1_158' title='bbox 619 1828 692 1847; x_wconf 85' lang='lat' dir='ltr'><strong>seen</strong></span> <span class='ocrx_word' id='word_1_159' title='bbox 704 1820 735 1846; x_wconf 88' lang='lat' dir='ltr'><strong>in</strong></span> <span class='ocrx_word' id='word_1_160' title='bbox 748 1822 765 1835; x_wconf 88' lang='lat'><strong>“</strong></span> <span class='ocrx_word' id='word_1_161' title='bbox 775 1822 935 1857; x_wconf 86' lang='lat' dir='ltr'><strong>postquam</strong></span> <span class='ocrx_word' id='word_1_162' title='bbox 944 1819 1041 1847; x_wconf 84' lang='lat' dir='ltr'><strong>audiit</strong></span> <span class='ocrx_word' id='word_1_163' title='bbox 1051 1819 1082 1847; x_wconf 84' lang='lat'><strong>&#39;&#39;?</strong></span> 
     </span>
    </p>
   </div>
  </div>
 </body>
</html>
