1371 2128
322 127 382 158 DE
408 126 570 157 PUGNIS
593 124 831 157 COMMISSIS
1057 118 1077 151 9

76 211 149 242 iussi
180 211 274 242 duces
305 210 428 242 itineris
458 210 506 241 ita
533 208 674 240 dividere
704 208 788 239 viam
819 210 856 238 ut
886 205 983 237 tertio
1021 203 1074 235 die

78 261 231 304 Pythium
248 260 367 292 adoriri
386 263 524 303 possent.

532 340 620 371 XIII

74 409 134 441 DE'.
157 408 323 442 PUGNIS
345 408 395 440 IN
417 407 638 440 FLUMINIS
660 406 808 440 ALVEO
831 403 1077 438 COMMISSIS

124 477 242 509 Consul
262 480 393 520 postero
410 477 471 514 die,
488 480 525 508 ut
541 488 646 519 regem
664 476 705 507 ab
717 476 787 507 aliis
800 475 894 507 rebus
911 474 1079 511 detineret,

77 528 180 570 prima
212 527 278 558 luce
305 527 408 558 medio
434 527 466 558 in
497 526 587 557 alveo
615 538 686 557 cum
712 524 907 557 stationibus
933 523 1075 554 hostium

78 577 232 620 proelium
259 578 428 608 commisit.
476 577 649 618 Utrimque
677 579 855 618 pugnatum
881 578 929 605 est
957 572 1078 604 levibus

76 627 182 663 armis,
198 638 254 657 nec
270 626 471 668 gravioribus
492 627 524 657 in
546 629 613 657 tam
638 625 798 668 inaequali
822 624 912 656 alveo
936 633 1078 666 pugnare

77 680 238 719 poterant.
287 676 432 707 Medium
456 676 596 718 spatium
623 676 708 707 inter
730 679 834 706 castra
857 674 943 705 mille
968 683 1078 715 passus

77 726 221 769 patebat.
268 726 318 757 Ibi
336 727 367 757 in
386 726 500 763 medio,
517 725 737 768 spectantibus
753 736 791 756 ex
806 724 888 755 vallo
900 726 1076 754 castrorum

77 777 150 808 hinc
166 788 239 818 rege
259 777 334 807 hinc
358 776 485 807 consule
508 787 578 807 cum
603 776 666 807 suis
690 775 879 818 legionibus,
896 776 1076 817 pugnatum

76 831 133 858 est.
181 826 356 857 Missilibus
371 826 481 869 procul
499 826 586 868 regia
601 826 723 856 auxilia
739 825 849 856 melius
865 823 1055 867 pugnabant
1069 835 1076 853 :

78 877 253 908 comminus
283 876 431 907 stabilior
461 880 493 907 et
524 876 628 907 tutior
661 879 719 906 aut
757 886 868 917 parma
898 877 955 905 aut
986 876 1077 904 scuto

78 928 241 958 Romanus
257 930 335 958 erat.
383 926 529 963 Meridie,
550 925 637 957 haud
660 926 769 968 paucis
792 925 956 966 utrimque
979 924 1076 954 inter-

77 977 178 1015 fectis,
209 976 316 1008 consul
349 977 510 1007 revocavit
540 988 620 1008 suos.
668 975 740 1006 Sole
764 979 836 1006 orto
867 977 995 1017 postero
1026 972 1078 1003 die

77 1027 174 1058 etiam
190 1027 292 1058 acrius
316 1037 501 1057 concursum
519 1029 577 1058 est.
625 1026 763 1056 Romani
775 1036 839 1056 non
853 1024 947 1055 modo
960 1023 1001 1054 ab
1017 1022 1077 1059 his,

76 1088 147 1108 cum
172 1077 288 1119 quibus
312 1076 515 1119 pugnabant,
538 1075 591 1106 sed
615 1077 712 1107 etiam
739 1075 779 1106 ab
807 1086 844 1106 ea
869 1073 1078 1109 mutitudine‚

77 1139 158 1169 quae
174 1128 206 1158 in
223 1127 366 1158 turribus
383 1127 502 1163 stabat,
519 1126 690 1157 missilibus
705 1125 778 1156 telis
793 1129 826 1156 et
842 1126 924 1156 saxis
941 1124 1078 1155 maxime

76 1177 337 1209 vulnerabantur.
384 1177 465 1207 Mox
486 1176 594 1207 consul
618 1187 689 1207 suos
713 1176 842 1217 recepit,
859 1174 963 1205 multo
979 1173 1077 1216 pluri-

76 1227 134 1258 bus
150 1238 187 1258 eo
202 1227 254 1258 die
270 1226 396 1257 amissis.
443 1226 556 1257 Tertio
572 1226 623 1256 die
639 1225 759 1268 proelio
775 1224 944 1256 abstinuit.

537 1314 618 1345 XIV

207 1382 266 1414 DE
290 1381 511 1415 SCIPIONIS
534 1382 731 1414 NASIGAE
756 1382 943 1414 ITINERE

120 1451 234 1483 Nasica
254 1451 295 1482 ad
320 1462 404 1482 mare
427 1451 564 1493 primum
589 1451 724 1482 deduxit
747 1462 818 1483 suos
840 1452 928 1483 velut
948 1451 1075 1483 classem

77 1512 312 1539 conscensuruS‚
341 1505 506 1543 castraque
533 1500 573 1532 ad
600 1501 790 1532 Heracleum
821 1502 939 1544 posuit.
985 1503 1076 1532 Post-

77 1563 173 1594 quam
198 1554 392 1582 cenaverunt
416 1551 598 1582 convocatis
622 1551 756 1582 ducibus
781 1551 866 1583 dixit
897 1552 974 1594 quid
1000 1552 1076 1582 faci-

75 1602 193 1633 endum
209 1605 300 1633 esset.
348 1601 426 1632 Inde
441 1612 458 1631 e
474 1602 584 1632 castris
601 1612 698 1643 quam
719 1601 879 1632 celerrime
895 1613 1077 1644 progressus

76 1663 133 1694 per
155 1651 327 1683 altissimos
354 1654 478 1682 montes
502 1650 560 1681 sub
582 1651 684 1693 ipsum
709 1651 883 1694 Olympum
905 1652 967 1683 iter
989 1651 1076 1690 fecit,

76 1703 217 1744 fusisque
233 1702 327 1744 regiis
344 1701 509 1744 praesidiis
526 1702 623 1733 tertio
639 1702 690 1732 die
708 1702 860 1744 Pythium
879 1703 973 1745 cepit.
1021 1703 1075 1734 Ad

76 1764 180 1794 regem
198 1752 284 1783 venit
301 1752 460 1783 Cretensis
475 1752 606 1793 quidam
628 1752 684 1794 qui
700 1755 794 1783 nocte
809 1763 924 1794 agmen
942 1752 1075 1783 Nasicae

75 1803 265 1840 deseruerat,
287 1802 460 1844 docuitque
485 1802 649 1833 circumire
672 1803 833 1834 Romanos
865 1806 903 1834 ut
935 1814 954 1834 a
986 1806 1078 1846 tergo
