1371 2128
305 165 346 195 30
596 167 819 198 AEMILIUS
843 168 1021 199 PAULUS

305 249 432 281 volnera
462 250 644 282 ostendisse.
706 252 758 282 Ita
787 253 955 283 commotis
995 253 1136 284 omnium
1174 253 1300 292 animis,

305 299 427 330 tribuni
467 300 569 330 tribus
607 300 647 331 ad
682 302 866 343 suffragium
906 306 1143 334 revocaverunt.
1213 304 1296 334 Tum

305 349 447 379 omnium
464 350 615 391 suffragio
632 350 733 381 Paulo
750 350 932 393 triumphus
947 351 1051 383 datur.

748 452 857 483 XLIV

562 518 621 550 DE
645 518 777 550 PAULI
799 519 1037 551 TRIUMPHO

346 585 459 626 Itaque
486 584 688 625 triumphans
715 584 832 615 Paulus
857 584 967 615 urbem
996 584 1183 625 ingreditur.
1231 585 1293 615 Im-

301 644 407 664 mensa
429 633 595 675 spectabat
611 634 797 671 multitudo,
813 638 883 664 tum
900 634 966 664 deis
982 634 1104 675 gratias
1126 635 1291 675 agentium

299 686 368 713 tum
396 683 618 725 imperatorem
646 683 854 714 laudantium.
910 683 1108 725 Triumphus
1129 683 1171 714 ob
1191 684 1293 715 multa

298 732 439 774 insignis,
471 732 639 775 praecipue
676 733 763 774 quod
793 744 905 764 aurum
936 733 1059 774 ingenti
1090 733 1229 775 pondere
1258 737 1292 766 et

297 785 464 823 argentum
483 782 584 813 multa
600 782 743 824 plaustra
758 782 912 813 ferebant.
958 783 1098 813 Tantam
1123 783 1288 824 pecuniam

297 832 383 862 intra
398 832 535 873 triginta
550 843 649 862 annos
665 835 738 873 post
754 831 872 862 bellum
889 831 1032 873 Philippi
1049 843 1120 862 cum
1137 832 1289 862 Romanis

297 881 430 912 collecta
445 885 524 918 erat,
542 882 659 923 partim
675 893 713 911 ex
730 881 876 919 metallis
890 882 1008 923 partim
1026 892 1064 911 ex
1081 880 1289 923 vectigalibus

296 931 377 963 aliis.

341 983 411 1023 Ipse
434 984 595 1023 postremo
620 980 736 1012 Paulus
752 981 785 1012 in
805 992 896 1012 curru
915 980 1072 1019 veniebat,
1089 992 1159 1011 cum
1183 981 1286 1023 digni-

295 1034 364 1062 tate
388 1031 527 1072 corporis
557 1034 627 1062 tum
658 1030 757 1072 ipsius
780 1034 923 1061 senectae
947 1031 1113 1061 maiestate
1143 1031 1285 1072 insignis.

296 1081 372 1110 Post
402 1091 526 1110 currum
553 1080 637 1110 inter
663 1080 741 1110 alios
772 1079 909 1110 illustres
941 1080 1023 1110 viros
1055 1079 1111 1110 filii
1141 1080 1216 1117 duo,
1247 1081 1285 1117 Q.

294 1130 456 1160 Maximus
486 1133 519 1160 et
551 1130 586 1160 P.
612 1130 737 1171 Scipio;
775 1129 889 1160 deinde
919 1129 1063 1170 equitum
1095 1132 1218 1159 turmae
1255 1133 1288 1160 et

293 1179 439 1209 cohortes
466 1178 609 1220 peditum
636 1179 699 1209 suis
726 1190 870 1220 quaeque
897 1178 1071 1209 ordinibus,
1119 1178 1286 1208 Peditibus

294 1228 427 1270 singulis
442 1227 511 1258 (lati
528 1227 649 1258 denarii
663 1228 798 1265 centeni,
810 1228 972 1269 equitibus
985 1227 1109 1258 duceni.
1143 1227 1286 1258 Credunt

291 1289 362 1308 eum
400 1277 537 1308 ducenos
568 1277 729 1318 peditibus
760 1278 911 1308 daturum
942 1276 1046 1315 fuisse,
1077 1277 1102 1307 si
1132 1280 1191 1308 aut
1220 1288 1284 1308 non

290 1328 442 1358 honorem
460 1327 525 1357 eius
549 1326 703 1369 impedire
726 1327 832 1358 conati
856 1330 969 1364 essent,
986 1330 1044 1357 aut
1067 1326 1203 1368 benigne
1226 1327 1285 1357 hac

290 1378 359 1419 ipsa
375 1388 498 1407 summa
514 1378 727 1418 pronuntiata
742 1377 970 1408 clamavissent.

738 1478 831 1508 XLV

463 1545 522 1577 DE
545 1544 700 1576 MORTE
723 1544 858 1576 PAULI
880 1543 1105 1576 FILIORUM

332 1612 392 1643 Sed
409 1623 472 1643 non
490 1612 619 1642 Perseus
637 1611 731 1641 modo
748 1622 803 1652 per
819 1610 889 1641 illos
906 1610 971 1641 dies
987 1612 1165 1654 exemplum
1183 1610 1283 1642 dabat

289 1663 501 1693 humanorum
528 1672 666 1698 casuum,
690 1661 722 1691 in
750 1661 869 1692 catenis
902 1664 978 1692 ante
1004 1672 1129 1692 currum
1154 1661 1281 1692 victoris

286 1713 375 1743 ducis
406 1723 462 1754 per
492 1711 602 1742 urbem
633 1710 774 1742 hostium
805 1710 929 1747 ductus,
961 1710 1014 1741 sed
1050 1711 1147 1742 etiam
1179 1711 1282 1741 victor

287 1762 414 1799 Paulus,
424 1773 502 1792 auro
513 1772 717 1803 purpuraque
730 1760 863 1801 fulgens.
892 1761 966 1791 Duo
978 1761 1005 1790 ei
1017 1760 1072 1791 filii
1086 1763 1188 1798 erant,
1201 1771 1281 1801 quos

284 1811 409 1843 duobus
430 1812 462 1842 in
485 1811 691 1852 adoptionem
716 1810 801 1840 datis
822 1809 904 1840 solos
927 1810 1064 1840 nominis
1084 1813 1117 1841 et
1140 1809 1280 1840 familiae

283 1861 411 1892 heredes
424 1861 599 1892 retinuerat
615 1859 710 1891 domi.
737 1860 863 1890 Horum
880 1859 993 1897 minor,
1007 1859 1103 1890 ferme
1112 1859 1279 1890 duodecim
