1371 2128
236 130 256 159 8
525 129 747 160 AEMILIUS
769 129 948 160 PAULUS

235 212 315 244 bant
330 224 368 244 ex
385 212 521 244 castellis
536 224 629 255 saepe
638 212 806 243 altioribus
821 215 854 244 et
871 212 971 254 magis
983 212 1115 243 munitis
1124 211 1229 254 priore

234 274 318 293 anno
333 262 471 293 deiectos
486 273 559 294 esse.
604 262 741 293 Eosdem
759 265 828 293 tum
845 262 995 293 confertis
1016 265 1050 293 et
1072 262 1227 303 impetum

235 311 266 342 vi
282 311 472 342 facientibus
488 311 642 342 Romanis
660 312 804 343 resistere
826 322 890 342 non
913 322 1012 353 posse.
1059 310 1127 341 Alii
1144 309 1227 340 vole-

235 361 315 392 bant
346 361 516 392 Octavium
547 372 618 392 cum
649 360 745 391 classe
775 360 1032 391 Thessalonicam
1058 363 1166 402 petere
1195 362 1229 390 et

234 410 443 453 populatione
465 421 538 441 orae
561 410 740 441 maritimae
760 410 934 441 distrahere
949 410 1031 451 regis
1047 409 1164 451 copiaS,
1179 412 1227 447 ut,

233 460 334 491 altero
350 460 392 490 ab
408 463 499 502 tergo
511 471 542 490 se
552 460 739 491 ostendente
750 459 851 497 hoste,
861 459 901 490 ad
912 460 1092 491 interiorem
1104 461 1227 501 partem

233 510 321 550 regni
338 520 504 540 conversus
520 509 639 540 nudare
654 509 808 540 transitfis
824 509 940 550 Enipei
956 512 1129 551 cogeretur.
1163 507 1228 550 Ipsi

234 559 306 590 duci
323 563 439 590 natura
462 563 494 590 et
517 559 665 601 operibus
688 559 948 600 inexsuperabilis
963 559 1034 600 ripa
1050 557 1226 589 videbatur.

234 611 306 641 Non
326 611 421 641 modo
444 614 606 642 tormenta
624 610 743 651 ubique
766 609 921 652 disposita
943 621 1017 648 esse,
1033 609 1088 640 sed
1105 608 1227 640 missili-

233 660 291 690 bus
312 660 409 691 etiam
434 659 544 690 melius
567 660 674 690 hostes
696 660 745 690 uti
768 659 921 690 audierat.
970 659 1046 689 Alio
1061 658 1228 701 spectabat

234 721 320 740 mens
340 713 412 740 tota
432 709 538 741 ducis:
564 709 755 750 dimissoque
778 709 909 739 consilio
932 708 1124 739 Perrhaebos
1148 719 1226 738 mer-

232 762 354 790 catores
370 760 510 789 Coenum
532 762 566 790 et
589 758 824 800 Menophilum,
840 761 935 789 notae
950 761 983 789 et
999 758 1070 789 fidei
1088 758 1150 788 iam
1167 756 1226 787 sibi

231 811 264 839 et
294 808 483 850 prudentiae
514 808 666 845 homines,
693 808 857 839 arcessitos
887 807 1023 849 rogavit,
1053 807 1161 848 quales
1185 806 1226 837 ad

233 859 454 890 Perrhaebiam
471 859 625 891 transitus
640 862 751 891 essent.

695 968 766 998 XII

421 1035 481 1066 DE
504 1034 649 1066 IPSIUS
672 1033 807 1066 PAULI
830 1033 1035 1066 CONSILIO

273 1102 353 1132 Cum
370 1104 558 1131 mercatores
578 1100 648 1131 loca
663 1111 727 1130 non
750 1099 861 1141 iniqua
885 1111 948 1130 esse
969 1099 1120 1137 dicerent,
1137 1110 1225 1141 prae-

231 1151 319 1182 sidiis
335 1154 441 1181 autem
460 1150 555 1191 regiis
570 1150 683 1187 teneri,
699 1160 824 1191 sperare
840 1149 946 1191 coepit
961 1160 1002 1187 se,
1013 1149 1119 1180 valida
1130 1160 1225 1180 manu

230 1204 323 1232 nocte
339 1200 565 1242 necopinantes
586 1210 780 1241 aggressum,
796 1199 953 1241 praesidia
974 1199 1094 1230 deicere
1117 1210 1225 1240 posse:

230 1250 333 1281 iacula
348 1250 431 1280 enim
448 1253 481 1280 et
496 1249 633 1290 sagittas
649 1252 682 1280 et
697 1252 802 1279 cetera
817 1248 947 1279 missilia
963 1249 995 1279 in
1011 1248 1159 1285 tenebris,
1169 1248 1225 1279 ubi

230 1300 316 1342 quod
344 1303 474 1341 petatur
499 1298 609 1341 procul
634 1298 734 1328 videri
762 1309 825 1328 non
850 1298 960 1340 possit,
986 1298 1114 1329 inutilia
1140 1309 1224 1329 esse:

228 1350 336 1391 gladio
353 1349 528 1379 comminus
543 1348 611 1390 geri
627 1359 692 1379 rem
710 1348 742 1378 in
759 1347 932 1378 commixta
942 1347 1047 1385 turba,
1060 1358 1123 1389 quo
1137 1347 1224 1378 miles

228 1400 390 1429 Romanus
406 1397 521 1428 vincat.

273 1448 334 1478 His
360 1447 493 1478 ducibus
524 1457 646 1483 usuruS‚
675 1449 852 1488 praetorem
885 1446 1054 1477 Octavium
1085 1446 1224 1483 arcessit,

227 1496 438 1538 expositoque
453 1495 584 1526 consilio
602 1495 793 1526 Heracleum
805 1506 876 1526 cum
887 1494 983 1526 classe
999 1498 1106 1537 petere
1122 1495 1222 1532 iubet,

227 1550 260 1577 et
282 1546 367 1576 mille
390 1545 573 1576 hominibus
589 1545 696 1576 decem
712 1545 834 1575 dierum
851 1544 956 1575 cibum
979 1544 1105 1576 habere.
1151 1546 1223 1587 Ipse

228 1597 262 1627 P.
280 1596 459 1638 Scipionem
480 1596 627 1626 Nasicam
650 1599 683 1626 et
707 1596 743 1633 Q.
762 1595 894 1625 Fabium
920 1595 1099 1625 Maximum
1123 1594 1223 1625 fllium

226 1656 316 1676 suum
340 1656 411 1675 cum
435 1645 576 1686 quinque
598 1644 728 1675 delectis
744 1644 884 1675 millibus
901 1643 1091 1674 Heracleum
1108 1643 1223 1684 mittit,

226 1695 314 1726 velut
338 1694 468 1725 classem
493 1705 715 1725 conscensuros
746 1697 784 1725 ut
814 1705 900 1724 oram
929 1693 1091 1725 interioris
1115 1694 1221 1724 Mace-

225 1744 339 1775 doniae
369 1747 539 1775 vastarent.
587 1745 713 1774 Secreto
745 1743 921 1774 indicatum
952 1746 1000 1774 est
1030 1742 1135 1774 cibum
1171 1743 1221 1773 his

225 1796 447 1837 praeparatum
465 1793 504 1825 ad
522 1792 649 1824 classem
666 1804 740 1831 esse,
756 1804 795 1823 ne
812 1793 889 1836 quid
912 1795 1098 1824 moraretur.
1145 1792 1223 1823 Inde
