1371 2128
376 123 436 153 DE
460 123 515 153 PE
522 122 575 153 LO
581 123 781 154 PONNESO
1037 123 1078 152 25

77 207 249 238 oraculum.
296 207 345 238 Ibi
369 208 555 239 sacrificium
581 207 727 250 Apollini
751 208 838 245 fecit,
861 211 895 239 et
918 207 1076 239 incohatis

77 257 110 288 in
127 257 284 289 vestibulo
307 258 472 296 colunmis,
495 259 611 300 quibus
635 262 758 290 statuas
779 259 862 301 regis
888 259 991 290 Persei
1018 259 1075 288 im-

78 308 212 350 posituri
229 309 366 346 fuerant,
383 320 454 340 suas
470 312 593 340 statuas
610 309 732 351 imponi
744 310 846 340 victor
862 309 963 340 iussit.
997 308 1075 339 Inde

77 357 261 388 Chalcidem
285 358 325 389 ad
347 358 561 400 spectaculum
586 359 700 401 Euripi
728 358 941 401 Euboeaeque
965 361 1076 390 tantae

78 407 199 438 insulae
223 407 396 439 descendit.
445 410 475 439 A
492 408 643 439 Chalcide
666 408 819 440 Aulidem
841 409 959 446 traicit,
977 408 1074 439 trium

77 456 212 488 millium
234 458 340 500 spatio
361 458 545 496 distantem,
562 461 689 500 portum
712 458 920 501 praeclarum,
936 458 1074 489 Dianae-

76 518 138 548 que
153 507 309 550 templum
326 507 381 538 ubi
399 509 621 550 Agamemnon
638 508 735 539 filiam
758 520 846 539 suam
871 507 1074 539 interfecerat

76 559 114 587 ut
138 557 224 588 mille
248 557 317 588 illas
344 569 436 588 naves
458 558 572 589 'l'oiam
597 558 710 589 ducere
734 558 849 590 liceret.
896 558 974 589 Inde
996 559 1075 588 Oro-

77 616 153 647 pum
174 607 271 644 venit,
289 606 342 637 ubi
360 610 446 638 vates
465 608 617 649 antiquus
642 607 729 638 velut
751 608 829 639 deus
849 607 976 643 colitur,
994 610 1073 637 tem-

77 655 229 697 plumque
259 657 429 698 antiquum
460 660 519 693 est,
545 657 689 688 fontibus
715 657 853 699 rivisque
883 668 1074 691 amoenum;

76 705 149 736 inde
177 706 334 744 Athenas,
362 707 470 749 plenas
502 710 662 739 vetustate
694 707 808 745 famae,
833 707 936 739 multa
966 710 1074 738 tamen

76 755 203 786 visenda
226 756 538 794 habentes-arcem,
555 761 676 799 portus,
693 768 798 788 muros
819 758 984 788 Piraeeum
1002 755 1073 787 urbi

74 804 251 847 iungentes,
275 807 401 837 navalia
428 818 615 849 magnorum
643 808 883 849 imperatorum,
906 806 1074 837 simulacra

73 856 204 888 deorum
232 857 472 900 hominumque,
497 859 583 890 omni
608 870 723 901 genere
750 859 901 890 materiae
931 861 964 889 et
993 857 1073 888 artis

73 907 220 949 insignia.

486 977 658 1008 XXXVII

115 1111 274 1141 Sacrificio
302 1111 475 1147 Minervae,
501 1122 582 1152 quae
606 1123 709 1142 arcem
740 1114 840 1148 tenet,
868 1111 965 1148 facto,
997 1123 1068 1154 pro-

73 1159 174 1191 fectus
189 1160 381 1191 Corinthum
406 1160 508 1191 altero
531 1160 582 1191 die
606 1161 759 1203 pervenit.
808 1161 893 1191 Urbs
909 1165 978 1192 erat
1000 1164 1069 1192 tum

73 1210 243 1252 praeclara,
258 1214 334 1242 ante
349 1211 507 1241 excidium
521 1225 528 1246 ;
552 1222 608 1242 arx
625 1222 751 1253 quoque
775 1215 807 1242 ct
830 1211 966 1242 isthmus
982 1223 1071 1254 prae-

73 1259 167 1291 buere
183 1260 411 1302 spectaculum,
427 1272 484 1292 arx
502 1261 587 1292 intra
604 1261 729 1291 moenia
753 1262 785 1292 in
809 1262 971 1303 ingentem
995 1261 1067 1292 alti-

72 1309 215 1340 tudinem
237 1321 377 1352 surgens,
401 1314 524 1341 scatens
547 1311 701 1348 fontibus,
725 1311 860 1341 isthmus
881 1311 945 1342 duo
971 1311 1071 1342 maria

71 1358 231 1392 dirimens,
277 1361 443 1401 Sicyonem
460 1360 533 1391 inde
549 1364 581 1391 et
599 1362 714 1402 Argos,
731 1361 852 1391 nobiles
865 1360 967 1397 urbes,
980 1361 1069 1399 adit3

72 1409 144 1440 inde
170 1409 256 1441 haud
283 1422 391 1452 parem
419 1410 534 1452 opibus
562 1410 772 1452 Epidaurum,
798 1411 850 1442 sed
876 1411 1069 1452 praeclaram

71 1459 172 1491 nobili
198 1460 381 1502 Aesculapii
410 1460 544 1502 templo,
561 1460 647 1502 quod
671 1461 812 1502 quinque
836 1460 976 1491 millibus
1000 1473 1069 1502 pas-

71 1520 160 1540 suum
185 1510 225 1540 ab
249 1510 327 1541 urbe
350 1510 472 1541 distans
493 1511 585 1541 donis
601 1511 688 1541 dives
703 1514 782 1548 erat,
799 1522 880 1553 quae
896 1511 1068 1542 mercedem

71 1559 280 1590 remediorum
311 1559 498 1591 salutarium
527 1561 613 1602 aegri
645 1564 845 1592 sacraverant
875 1560 944 1592 deo.
991 1561 1070 1592 Inde

71 1609 339 1640 Lacedaemonem
370 1610 450 1647 adit,
481 1621 545 1641 non
576 1621 708 1652 operum
746 1610 983 1652 magnificentia
1017 1611 1070 1642 sed

70 1658 238 1701 disciplina
253 1660 475 1701 institutisque
497 1659 742 1691 memorabilem.
790 1660 868 1691 Inde
885 1661 1068 1703 Olympiam

70 1709 224 1750 pervenit,
252 1709 306 1740 ubi
337 1713 370 1742 et
394 1710 458 1740 alia
484 1710 657 1752 spectanda
683 1710 764 1742 vidit
790 1714 823 1742 et
849 1711 955 1741 Iovem
978 1711 1065 1743 velut

71 1763 265 1800 praesentem
282 1760 410 1791 intuens
434 1764 539 1791 motus
555 1761 663 1791 animo
679 1764 736 1792 est.
782 1761 898 1802 Itaque
921 1760 1010 1792 velut
1033 1762 1065 1793 in

70 1808 231 1851 Capitolio
247 1809 480 1847 immolaturus,
496 1810 683 1841 sacrificium
708 1810 937 1853 amplissimum
963 1811 1068 1854 parari
