1371 2128
246 150 266 183 6
538 152 760 184 AEMILIUS
785 152 963 183 PAULUS

246 236 377 268 invenit.
424 237 541 279 Ripam
565 238 647 268 enim
666 238 781 279 Enipei
806 238 949 269 fluminis
967 239 1051 269 inter
1070 238 1242 281 Olympum

247 289 386 317 montem
411 290 444 317 et
474 298 559 317 mare
583 287 713 318 Perseus
743 287 886 325 tenebat,
910 287 1111 318 validissimis
1137 288 1242 319 muni-

246 335 389 365 tionibus
419 335 649 367 confirmatam.
711 336 775 366 Hic
806 339 897 367 tutus
935 337 1127 379 expectabat
1165 337 1241 368 dum

247 384 385 415 Romani
401 388 458 415 aut
474 396 590 416 vanum
607 386 762 426 impetum
779 385 919 417 facerent
934 390 991 417 aut
1003 387 1036 417 in
1048 386 1243 417 Thessaliam

246 434 396 465 redirent.
442 435 581 465 Romani
605 446 690 476 aqua
713 435 850 466 maxime
874 435 1022 477 egebant,
1048 447 1120 466 cum
1145 436 1242 466 siccus

248 486 328 514 esset
350 483 489 514 fluminis
511 484 628 521 alveus,
650 495 752 526 neque
772 495 904 526 usquam
928 484 1050 516 fontem
1074 496 1241 527 perennem

248 533 386 563 invenire
424 537 562 575 possent.
624 533 741 564 Consul
775 534 993 576 contemplata
1030 535 1090 565 loci
1128 538 1243 565 natura

247 582 334 623 sequi
351 593 382 612 se
398 583 534 613 utrarios
550 583 590 613 ad
608 594 702 621 mare,
719 583 804 624 quod
822 587 978 614 trecentos
996 595 1104 625 passus
1119 583 1242 621 aberat,

248 632 349 668 iussit,
366 635 398 662 et
421 633 453 662 in
470 632 564 663 litore
586 632 665 663 alios
686 632 763 663 alibi
783 632 899 664 fodere.
946 634 1077 664 Montes
1101 633 1241 674 ingentis

244 680 425 712 altitudinis
451 693 538 723 spem
563 682 734 718 faciebant,
759 683 835 724 quia
859 682 963 713 nullos
987 686 1116 724 apertos
1143 683 1236 713 emit-

248 734 353 761 terent
375 731 468 769 rivos‚
485 731 624 762 occultas
639 731 794 762 contineri
811 731 855 761 ibi
871 743 980 773 aquaS‚
997 743 1130 773 quarum
1146 743 1244 762 venae

247 782 279 811 in
312 792 396 811 mare
427 785 649 823 permanantes
680 792 751 811 cum
788 781 875 812 unda
912 781 1127 813 miscerentur.
1184 781 1243 812 Vix

249 829 382 861 diducta
404 841 526 861 summa
549 842 645 861 arena
660 834 749 866 erat;
773 833 842 861 tum
867 831 1073 872 scaturigines
1096 830 1244 862 turbidae

249 880 385 921 primum
402 884 435 911 et
450 883 559 911 tenues
576 880 718 917 emicare,
735 879 849 910 deinde
871 879 1006 910 multam
1023 879 1242 921 liquidamque

248 929 378 959 fundere
394 941 509 971 aquam
527 930 614 960 velut
630 929 760 960 deorum
771 929 857 960 dono
869 932 1049 971 coeperunt.
1083 929 1241 970 Aliquan—

248 982 313 1009 tam
338 991 375 1009 ea
397 991 445 1009 res
470 979 540 1010 duci
563 979 679 1010 famam
704 983 737 1010 et
761 979 988 1010 auctoritatem
1013 979 1099 1021 apud
1126 979 1243 1010 milites

248 1028 385 1060 addidit.

721 1110 772 1139 IX

411 1178 470 1210 DE
494 1178 639 1210 REBUS
661 1178 692 1209 A
714 1177 859 1209 PAULO
882 1177 1083 1209 MUTATIS

292 1245 386 1275 Iussis
416 1244 530 1275 deinde
565 1243 720 1274 militibus
757 1243 906 1285 expedire
935 1254 1033 1281 arma,
1064 1243 1131 1284 ipse
1170 1254 1239 1273 cum

249 1295 387 1325 tribunis
418 1297 450 1325 et
483 1293 672 1335 quibusdam
705 1293 944 1323 centurionibus
974 1303 1156 1334 progressus
1195 1296 1243 1323 est

249 1348 286 1375 ut
307 1345 461 1375 transitus
483 1344 621 1374 fluminis
641 1343 876 1384 contemplaret
899 1345 932 1373 et
955 1345 1157 1383 cognosceret
1182 1353 1245 1383 qua

248 1395 412 1425 descensus
443 1393 543 1424 facilis
581 1393 722 1431 armatis,
754 1403 818 1434 qua
855 1393 887 1422 in
920 1392 1102 1423 ulteriorem
1140 1392 1242 1433 ripam

249 1444 377 1474 minime
393 1443 520 1485 iniquus
536 1454 679 1473 ascensus
694 1445 783 1473 esset.

293 1494 354 1524 His
377 1494 453 1524 satis
476 1492 660 1534 exploratis,
677 1492 736 1522 hoc
753 1491 890 1533 primum
914 1490 1057 1527 curabat,
1074 1493 1112 1521 ut
1135 1490 1243 1520 omnia

249 1545 360 1576 ordine
393 1547 427 1574 et
457 1543 522 1573 sine
557 1541 700 1572 tumultu
731 1540 772 1571 ad
803 1541 890 1571 ducis
920 1540 1087 1581 imperium
1115 1539 1148 1569 in
1178 1539 1244 1569 acie

250 1596 369 1626 fierent.
416 1594 532 1623 Omnes
556 1592 639 1622 enim
670 1590 762 1621 simul
790 1590 1046 1632 pronuntiabant
1069 1600 1150 1630 quae
1180 1588 1242 1619 fac-

250 1644 344 1676 ienda
373 1646 480 1678 erant;
518 1642 628 1682 itaque
665 1640 816 1670 clamores
846 1639 964 1670 dissoni
996 1638 1180 1669 oriebantur
1210 1641 1244 1669 et

249 1695 336 1736 prius
352 1693 468 1728 hostes,
485 1702 580 1733 quam
597 1691 667 1732 ipsi,
684 1689 762 1731 quid
778 1692 946 1731 pararetur
957 1687 1107 1718 sciebant.
1147 1687 1244 1718 Iussit

250 1744 350 1785 igitur
387 1745 505 1772 secreta
535 1752 591 1782 per
621 1739 767 1771 tribunos
797 1742 830 1769 et
866 1737 1006 1779 singulos
1044 1737 1243 1767 centuriones

251 1794 300 1823 edi
319 1792 461 1834 imperia.

296 1842 412 1884 Vigiles
443 1840 539 1871 etiam
564 1850 646 1870 novo
678 1849 763 1868 more
787 1840 910 1868 scutum
936 1837 968 1867 in
992 1836 1134 1878 vigiliam
1166 1835 1245 1866 ferre
