1371 2128
317 123 378 154 DE
402 122 578 153 INVIDIA
604 121 810 152 MILITUM
1022 121 1060 152 27

60 206 234 249 imperator
258 206 326 238 face
352 206 483 237 subdita
505 205 677 241 succendit,
694 208 841 248 precatus
857 205 932 236 deos
948 205 1064 247 quibus

60 257 162 299 spolia
186 256 326 288 hostium
354 256 459 287 dicare
486 256 533 286 fas
559 258 617 287 est.
664 254 854 298 Spectaculo
877 255 975 286 etiam
998 255 1062 286 fuit

60 307 162 338 omnis
193 306 311 349 praeda
337 305 556 343 Macedonica,
587 308 724 342 statuae,
750 304 890 342 tabulae,
922 304 1063 343 textilia,

61 367 136 387 vasa
150 367 189 387 ex
204 367 283 387 auro
298 359 332 387 et
347 359 481 397 argento
497 358 531 387 ct
546 366 616 386 aere
631 355 726 386 facta.
774 355 873 392 Haec,
885 355 916 385 in
934 354 1061 386 classem

60 405 221 448 imposita,
239 407 375 437 Romam
393 404 570 437 revehenda
587 406 641 436 Cn.
660 404 797 436 Octavio
813 404 892 436 data
908 408 993 436 sunt.

106 455 222 486 Paulus
249 455 364 486 deinde
390 455 526 497 Epirum
556 455 649 497 petit,
677 454 828 496 iussuque
855 457 983 485 senatus
1013 466 1065 485 eas

62 504 155 535 urbes
179 516 262 547 quae
289 505 329 536 ad
354 506 467 536 Persea
488 504 669 535 defecerant
691 503 847 534 militibus
870 504 1065 546 diripiendas

62 554 186 590 tradit;
210 558 367 596 tantaque
390 554 508 597 praeda
524 554 587 585 fuit
611 557 648 585 ut
671 553 835 595 equitibus
852 554 1063 595 quadringeni

63 602 195 641 denarii,
212 604 375 646 peditibus
397 604 511 635 duceni
533 603 760 635 dividerentur.
808 603 862 634 Ad
886 615 971 634 mare
993 603 1064 634 Ori-

63 664 133 684 cum
150 653 324 692 descendit,
341 654 546 696 exercituque
563 654 594 684 in
612 665 705 684 naves
722 654 874 696 imposito
887 654 919 684 in
937 653 1064 685 Italiam

63 703 201 734 traiecit.

107 753 244 784 Romam
268 754 388 795 captivi
411 754 547 796 primum
571 753 711 785 adducti.
761 754 879 784 Paulus
902 754 969 796 ipse
992 757 1066 796 post

61 802 129 833 dies
155 814 272 845 paucos
299 804 387 845 regia
411 815 491 834 nave
515 803 654 845 ingentis
685 803 928 845 magnitudinss,
952 807 1067 835 ornata

64 852 280 884 Macedonicis
296 853 416 895 spoliis,
432 853 564 884 adverso
580 852 690 884 Tiberi
706 853 747 884 ad
764 854 874 884 urbem
889 857 996 885 vectus
1008 857 1066 892 est,

63 902 231 944 completis
247 903 324 945 ripis
340 903 467 934 obviam
481 903 580 934 effusa
590 903 810 935 multitudine.
858 905 979 935 Paucos
991 907 1066 946 post

63 951 129 983 dies
146 952 280 984 Anicius
292 956 325 984 et
342 953 495 985 Octavius
512 953 608 984 classe
624 964 680 984 sua
696 952 833 985 advecti.

538 1066 603 1096 XL

321 1133 381 1164 DE
404 1133 587 1165 INVIDIA
609 1133 812 1165 MILITUM

108 1197 226 1228 Tribus
242 1198 286 1228 eis
302 1198 450 1230 omnibus·
466 1199 610 1229 decretus
626 1202 674 1230 est
690 1199 731 1229 ab
748 1203 860 1230 senatu
873 1200 1066 1242 triumphus,

65 1247 319 1290 mandatumque
349 1252 397 1280 cst
429 1252 466 1279 ut
497 1248 620 1279 tribuni
659 1248 760 1291 plebis
794 1249 995 1290 rogationem
1025 1249 1066 1280 ad

66 1296 188 1338 plebem
216 1298 334 1329 ferrent
362 1302 398 1329 nt
431 1298 467 1328 iis
499 1297 607 1328 urbem
640 1298 917 1340 triumphantibus
943 1299 1067 1341 ingredi

66 1346 184 1378 liceret.
232 1348 296 1378 Nec
318 1348 357 1378 de
375 1348 481 1378 Anicii
502 1360 558 1378 nec
578 1348 617 1378 de
634 1348 759 1378 Octavii
784 1348 949 1390 triumpho
974 1349 1065 1379 dubi-

66 1399 172 1427 tatum
200 1401 268 1428 est:
293 1397 440 1435 Paulum,
462 1398 511 1428 cui
536 1398 595 1439 ipsi
620 1409 651 1428 se
674 1409 856 1440 comparare
881 1398 1068 1436 noluissent,

66 1446 187 1477 invidia
209 1447 339 1489 carpsit.
387 1448 535 1489 Antiqua
559 1447 728 1489 disciplina
751 1448 868 1479 milites
891 1448 1068 1485 habuerat;

65 1495 105 1526 de
127 1496 246 1538 praeda
268 1497 394 1539 parcius
411 1509 507 1539 quam
532 1500 736 1539 speraverant
755 1497 909 1534 dede1·at;
933 1510 1068 1540 quorum

64 1545 215 1577 aviditati
239 1546 264 1577 si
288 1546 454 1588 indulgere
471 1547 633 1584 voluisset,
650 1546 729 1577 nihil
754 1547 900 1579 relictum
925 1552 1006 1579 esset
1029 1560 1067 1579 ex

65 1595 166 1626 tantis
182 1596 276 1638 regiis
293 1596 408 1638 opibus
425 1596 510 1639 quod
529 1597 561 1627 in
577 1597 733 1627 aerarium
751 1597 858 1629 ferret.

110 1645 335 1677 Macedonicus
373 1647 531 1678 exercitus
561 1646 709 1684 comitiis,
740 1657 810 1677 cum
842 1647 892 1678 lex
923 1648 1068 1687 ferretur,

66 1694 265 1736 negligenter
280 1696 451 1727 adfuturus
467 1699 547 1728 erat.
583 1696 644 1727 sed
661 1707 712 1726 eos
725 1697 765 1728 G.
777 1696 935 1739 Sulpicius
952 1698 1069 1736 Galba,

67 1746 122 1787 qui
150 1744 298 1776 tribunus
326 1746 466 1777 militum
488 1746 643 1777 secundae
668 1745 802 1788 legionis
823 1747 855 1778 in
878 1748 1070 1780 Macedonia

68 1793 183 1834 fuerat,
200 1795 350 1837 privatim
368 1795 554 1839 imperatori
571 1796 729 1834 inimicus,
746 1797 937 1829 stimulabat
955 1801 991 1829 ut
1008 1798 1067 1830 fre-
