1371 2128
287 149 329 180 32
571 150 793 181 AEMILIUS
817 149 995 180 PAULUS

721 284 849 314 XLVII

553 351 613 383 DE
636 351 773 383 PAULI
795 350 1018 383 ORBI'I'A'I'E

328 420 348 434 ‘⁴
361 417 444 447 Mihi
461 428 588 458 quoque
606 417 665 459 ipsi
689 417 788 447 nimia
811 416 874 447 iam
899 416 1030 447 fortuna
1052 416 1163 455 videri,
1179 429 1280 459 eoque

286 470 432 508 suspecta
456 478 529 497 esse.
585 466 685 496 Maris
710 465 851 508 pericula
877 466 989 496 timere
1014 466 1102 508 coepi
1130 467 1162 497 in
1187 470 1281 498 tanta

287 516 421 557 pecunia
451 516 537 557 regia
569 516 602 546 in
628 515 756 546 Italiam
784 515 913 546 ferenda
937 519 969 547 et
996 515 1114 546 victore
1141 517 1279 547 exercitu

285 567 472 598 revehendo.
528 568 702 608 Postquam
727 567 834 597 onmia
865 566 1001 597 secundo
1028 567 1155 598 navium
1187 579 1278 599 cursu

285 617 317 647 in
334 616 462 647 Italiam
480 619 699 658 pervenerunt,
715 616 796 647 illud
812 616 932 658 optavi,
950 619 988 647 ut
1007 627 1077 647 cum
1097 627 1135 647 ex
1154 628 1277 648 summo

285 669 371 697 retro
388 665 472 696 volvi
489 665 619 696 fortuna
634 665 758 703 soleret,
770 665 982 696 mutationem
999 665 1065 695 eius
1081 665 1192 697 domus
1209 677 1278 697 mea

285 715 394 757 potius
420 727 514 756 quam
540 714 718 757 respublica
741 715 881 746 sentiret.
927 715 1042 756 Itaque
1072 715 1135 745 iam
1159 715 1276 747 salvam

285 766 352 796 fore
374 765 602 807 rempublicam
619 776 720 807 spero,
737 764 824 806 quod
840 764 1022 806 triumphus
1046 776 1132 795 meus
1152 764 1277 796 duobus

285 814 455 845 liberorum
468 814 631 845 funeribus
647 817 694 845 est
710 814 926 856 interpositus.
973 815 1114 852 Persem,
1130 815 1185 856 qui
1201 818 1277 846 ante

285 875 316 894 se
336 864 480 906 captivos
503 864 647 906 captivus
670 864 736 906 ipse
759 863 832 894 duci
857 863 971 894 liberos
996 863 1088 901 vidit,
1104 864 1277 895 incolumes

285 917 392 945 tamen
407 925 459 944 eos
475 913 590 945 habet:
615 924 685 955 ego,
698 913 752 954 qui
766 913 805 944 de
820 924 857 944 eo
871 913 1078 955 triumphavi,
1091 913 1132 944 ab
1143 913 1275 945 alterius

285 963 394 995 funere
410 964 468 994 filii
492 975 616 994 currum
633 963 811 1000 conscendi,
827 962 867 993 ad
891 962 1026 994 alterum
1052 974 1090 994 ex
1114 964 1277 1006 Capitolio

285 1025 385 1055 prope
414 1013 477 1044 iam
508 1013 706 1055 expirantem
739 1013 820 1044 veni.
878 1013 988 1054 Neque
1018 1024 1057 1043 ex
1087 1016 1140 1044 tot
1169 1013 1276 1045 liberis

284 1066 426 1105 superest
450 1063 503 1105 qui
530 1063 565 1094 L.
588 1062 719 1093 Aemilii
745 1062 836 1093 Pauli
860 1073 975 1093 nomen
1002 1061 1104 1093 ferat:
1137 1062 1216 1093 duos
1243 1064 1275 1094 in

283 1113 489 1155 adoptionem
524 1112 616 1143 datos
647 1111 794 1143 Cornelia
828 1114 862 1142 et
898 1111 998 1142 Fabia
1027 1123 1103 1153 gens
1133 1112 1273 1144 habent:

284 1162 375 1193 Pauli
392 1162 424 1193 in
440 1162 536 1192 domo
552 1165 678 1204 praeter
694 1172 797 1192 senem
813 1172 906 1191 nemo
921 1165 1073 1203 superest.
1120 1161 1180 1192 Sed
1193 1162 1276 1193 hanc

284 1211 403 1242 cladem
420 1211 533 1242 domus
556 1222 642 1241 meae
659 1214 763 1241 vestra
785 1210 921 1241 felicitas
937 1213 969 1241 et
985 1210 1122 1241 secunda
1144 1211 1275 1243 fortuna

283 1261 412 1304 publica
438 1261 649 1292 c01isolatur.”
695 1261 784 1291 Haec
807 1263 902 1291 tanto
928 1261 1036 1291 animo
1062 1260 1150 1291 dicta
1174 1261 1275 1303 magis

283 1314 508 1353 permoverunt
524 1310 722 1341 audientium
743 1310 875 1347 animos,
892 1321 987 1352 quam
1005 1310 1029 1340 si
1051 1310 1274 1342 miserabiliter

283 1360 456 1392 orbitatem
473 1371 560 1391 suam
577 1359 761 1391 deflevisset.
