1371 2128
250 125 290 155 14
537 123 759 155 AEMILIUS
782 122 961 153 PAULUS

249 213 434 241 convectum
459 212 538 247 erat,
558 208 599 239 ad
622 219 703 250 quae
725 207 864 250 petenda
886 218 924 238 ex
948 206 1134 248 propinquis
1156 204 1240 247 agris

250 271 366 301 magna
388 271 460 302 pars
484 258 622 290 militum
638 269 654 288 e
669 258 779 289 castris
794 257 924 288 exierat.
970 257 1093 287 Neutro
1108 255 1241 297 impera-

251 313 357 341 torum
388 309 525 346 volente,
556 308 696 345 fortuna,
721 318 802 349 quae
831 306 902 349 plus
929 305 1066 337 consiliis
1095 304 1242 335 humanis

253 359 347 397 valet,
363 359 512 389 dimicare
528 357 641 399 coegit.

296 409 429 440 Flumen
445 411 514 439 erat
536 407 623 438 haud
642 418 802 449 magnum,
819 406 949 449 propius
965 406 1105 436 hostium
1122 404 1243 441 castris,

252 470 290 489 ex
306 470 370 500 quo
386 461 419 489 et
436 457 625 488 Macedones
641 460 674 487 et
686 457 822 487 Romani
835 467 950 498 aquam
964 455 1143 497 capiebant,
1156 464 1247 496 prae·

252 508 339 539 sidiis
355 508 387 538 in
404 511 539 548 utraque
555 507 625 548 ripa
641 507 762 548 positis,
778 509 816 537 ut
838 506 871 536 id
895 506 995 536 facere
1011 508 1085 535 tuto
1106 506 1243 546 possent.

255 559 345 588 Duae
367 557 512 588 cohortes
527 556 560 587 in
577 556 647 597 ripa
662 557 879 586 Romanorum
896 557 997 591 erant,
1014 554 1198 584 Marrucina
1212 555 1246 583 et

253 606 416 648 Paeligna,
436 606 517 637 duae
544 609 668 636 turmae
695 605 885 635 Samnitium
911 604 1078 645 equitum;
1100 606 1134 633 et
1157 602 1245 633 aliud

255 668 312 698 pro
339 656 449 687 castris
471 659 540 686 erat
563 655 754 697 praesidium
778 654 836 685 sub
856 655 895 685 G.
913 653 1026 684 Cluvio
1050 653 1167 694 legato,
1183 655 1246 682 tres

254 706 399 737 cohortes
430 709 463 736 et
493 705 575 736 duae
605 708 729 735 turmae
759 704 914 745 equitum.
961 704 1040 734 Cum
1072 703 1174 733 otium
1205 701 1247 732 ad

255 755 371 786 flumen
402 758 471 786 erat
495 754 615 785 neutris
642 753 874 791 lacessentibus,
905 753 984 783 hora
1011 752 1135 782 circiter
1164 762 1249 782 nona

256 806 433 836 iumentum
451 816 467 834 e
484 803 628 834 manibus
644 803 823 833 curantium
845 802 984 844 elapsum
1009 802 1041 832 in
1064 801 1247 832 ulteriorem

256 855 358 896 ripam
375 854 468 895 fugit.
515 853 608 890 Quod
625 864 695 883 cum
717 864 772 894 per
794 863 909 893 aquam
929 851 1025 882 ferme
1043 862 1141 892 genus
1157 853 1249 881 tenus

255 904 353 935 altam
370 907 434 934 tres
456 902 572 934 milites
594 905 809 943 sequerentur,
825 901 962 932 Thraces
984 900 1048 931 duo
1072 900 1104 930 id
1128 900 1248 930 iumen-

257 958 325 985 tum
342 965 380 984 ex
397 953 501 983 medio
517 952 606 983 alveo
623 952 655 982 in
672 963 760 982 suam
776 952 878 993 ripam
900 949 1079 981 trahebant.
1126 949 1249 980 Milites

256 1004 358 1035 altero
382 1014 489 1033 eorum
513 1002 615 1033 occiso
638 1005 828 1043 receptoque
851 1001 993 1031 iumento
1015 999 1057 1031 ad
1077 1000 1248 1031 stationem

258 1064 386 1084 suorum
402 1052 558 1084 redibant.

709 1117 799 1147 XXI

471 1185 531 1217 DE
553 1184 727 1216 IMPETU
750 1183 1042 1216 ROMANORUM

302 1251 568 1292 Octingentorum
584 1249 743 1279 Thracum
766 1247 957 1290 praesidium
973 1248 1006 1278 in
1022 1247 1162 1278 hostium
1179 1249 1249 1290 ripa

260 1304 340 1332 erat.
386 1301 436 1330 Ex
453 1299 501 1330 his
518 1299 610 1340 pauci
627 1298 742 1340 primo,
757 1297 831 1328 irati
849 1297 934 1338 quod
950 1297 1112 1339 popularis
1129 1298 1160 1328 in
1177 1308 1249 1327 con-

259 1354 369 1392 spectu
393 1360 449 1380 suo
472 1349 591 1379 occisus
614 1351 692 1385 erat,
716 1347 757 1377 ad
780 1346 1011 1388 persequendos
1033 1346 1251 1377 interfectores

260 1399 377 1430 flumen
394 1397 577 1439 transgressi
595 1400 680 1434 sunt,
697 1396 810 1426 deinde
827 1395 940 1437 plures,
958 1399 1117 1438 postremo
1133 1407 1250 1433 omnes,

258 1453 291 1480 et
321 1459 391 1479 cum
422 1447 579 1489 praesidio
610 1457 751 1488 pugnare
781 1449 962 1487 coeperant.
1015 1445 1175 1475 Acerrime
1205 1445 1251 1475 ibi

259 1501 437 1540 pugnatum
466 1500 523 1534 est,
548 1496 709 1538 pulsisque
739 1499 827 1526 trans
858 1495 973 1525 flumen
1004 1494 1181 1525 Thracibus
1218 1494 1251 1524 in

259 1551 416 1579 caetratos
441 1546 653 1577 Macedonum
681 1546 836 1587 impetum
862 1545 1023 1575 faciebant
1046 1544 1176 1575 Italicae
1201 1555 1252 1575 co-

259 1598 376 1628 hortes.

304 1647 448 1678 Clamore
472 1648 584 1676 exorto
608 1644 715 1675 consul
740 1656 834 1686 quam
858 1643 1016 1674 celerrime
1039 1643 1136 1674 aciem
1161 1643 1251 1674 insti-

259 1698 335 1734 tuit,
352 1696 515 1737 missisque
531 1695 640 1725 statim
664 1695 718 1736 qui
743 1693 926 1724 cohortibus
948 1693 1011 1723 suis
1032 1696 1119 1724 trans
1135 1692 1251 1723 flumen

260 1746 414 1777 auxilium
431 1746 559 1782 ferrent,
576 1744 682 1785 copias
699 1755 777 1785 quas
793 1755 895 1773 secum
919 1742 1034 1773 habuit
1049 1743 1080 1773 in
1098 1742 1252 1784 proelium

261 1796 359 1828 ducit.
393 1794 497 1826 Simul
513 1806 567 1825 rex
584 1794 750 1824 confestim
761 1794 922 1835 promovit
932 1804 1013 1830 suos,
1024 1803 1124 1833 neque
1135 1792 1250 1823 iustam
