1371 2128
290 146 332 175 80

311 230 341 257 C.
390 232 408 259 i.

381 291 408 318 ii.

370 396 410 422 iii.

373 456 409 482 iv.

381 571 406 588 V.

375 622 402 647 vi

364 680 411 708 vii.

355 740 414 766 viii.

375 800 415 826 ix.

382 1216 409 1241 ii.

372 1321 410 1348 iii.

384 1652 412 1679 ii.

577 146 799 177 AEMILIUS
823 145 1002 176 PAULUS

432 230 492 265 Qui
508 230 681 268 exemplum
696 230 810 258 dabant
825 239 946 258 casuum
961 229 1181 258 humanorum?

433 289 516 324 Quot
539 289 613 316 filios
638 290 767 317 nominis
787 288 915 317 heredes
938 288 1045 316 Paulus
1064 289 1145 316 domi
1170 289 1283 316 retinu-

470 335 558 363 erat?

435 394 517 429 Quot
532 397 563 422 in
577 394 773 432 adoptionem
788 394 937 422 dederat?

434 454 546 482 Eorum
574 464 649 492 quos
677 456 845 482 retinuerat
878 457 952 492 quot
980 463 1073 481 annos
1103 456 1191 481 natus
1220 455 1285 480 erat

471 502 590 529 minor?

430 560 513 596 Quot
528 570 674 589 annorum
689 563 783 588 maior
797 561 883 589 erat?

436 619 566 654 Quando
581 622 678 648 minor
692 623 827 648 mortuus
842 620 909 648 est?

436 678 566 713 Quando
581 680 694 706 maior?

437 738 542 773 Qualis
559 738 642 766 Pauli
657 740 753 766 oratio
768 737 846 766 fuit?

438 797 524 832 Quae
538 798 661 825 domum
676 799 740 825 eius
755 796 947 835 perculerant
961 797 972 823 ?

404 876 410 882 .
434 854 516 889 Quid
534 854 642 882 Paulus
657 855 770 892 petiit?

633 1024 829 1053 CHAPTER
851 1023 950 1051 XLVI

394 1110 409 1136 '.
434 1107 559 1136 Gender
572 1108 631 1135 and
648 1107 791 1136 Genitive
807 1107 946 1144 Singular
961 1106 996 1134 of
1006 1106 1078 1140 sole,
1093 1106 1283 1142 exercitibus,

473 1158 665 1192 potestatem,
682 1154 805 1188 bellum,
820 1154 935 1187 diebus,
950 1163 1033 1191 gaza.

436 1214 552 1242 Neuter
586 1213 726 1251 Singular
762 1213 954 1241 Nominative
988 1212 1048 1240 and
1077 1212 1219 1241 Ablative
1254 1212 1289 1240 of

473 1261 628 1298 quaedam,
645 1262 718 1294 eius,
733 1262 861 1297 gravius,
877 1261 955 1297 ipsis,
973 1259 1119 1287 omnibus.

436 1318 584 1356 Principal
608 1322 689 1356 parts
714 1318 748 1346 of
766 1318 848 1352 solvi,
871 1320 948 1355 cogi,
970 1318 1200 1352 descendentes,
1223 1321 1282 1346 tra-

474 1366 591 1399 herent,
608 1366 721 1403 redegi,
737 1365 902 1398 traderent,
918 1364 1040 1402 perfeci.

396 1452 410 1479 '.
435 1450 527 1478 What
541 1449 616 1478 kind
631 1449 665 1477 of
677 1449 778 1477 clause
793 1451 818 1477 is
833 1448 938 1476 shown
953 1450 1025 1476 in—

475 1498 555 1534 “qui
578 1520 584 1525 .
609 1519 616 1525 .
639 1520 645 1525 .
669 1496 856 1529 traherent‚'’

474 1547 539 1571 “ut
561 1555 569 1572 ;
591 1566 596 1572 .
622 1564 628 1571 .
651 1543 838 1577 traderent,''

475 1592 572 1628 “quia
594 1613 599 1618 .
624 1613 629 1619 .
654 1612 660 1618 .
684 1594 803 1627 poterat
818 1599 870 1618 rex
883 1589 924 1616 ¹'?

436 1649 512 1678 Give
527 1649 680 1687 examples
695 1648 729 1677 of
741 1649 794 1677 the
810 1648 965 1686 following
981 1648 1054 1676 Case
1071 1647 1165 1675 Uses:

478 1697 618 1724 partitive
635 1696 784 1724 Genitive.

476 1743 616 1770 Ablative
632 1742 666 1770 of
677 1743 772 1770 Time.

476 1790 615 1817 Ablative
631 1789 666 1816 of
677 1790 862 1826 Separation.

474 1836 627 1865 Locative.
