1371 2128
252 153 294 182 22
542 152 764 183 AEMILIUS
787 152 966 183 PAULUS

252 234 381 265 thracae
396 238 508 272 essent,
525 235 550 265 si
566 235 739 266 transirent
754 234 795 266 ad
811 236 983 272 Romanos,
994 234 1164 265 incolumes
1180 234 1246 265 fore

252 289 286 316 et
309 285 434 323 liberos,
450 297 568 328 suaque
584 287 700 324 omnia,
719 298 799 328 quae
814 290 872 317 aut
887 298 989 317 secum
1013 286 1167 316 haberent
1189 289 1247 316 aut

253 335 286 365 in
304 335 493 366 Macedonia
511 335 722 377 reliquissent,
745 339 922 367 servaturos
945 347 1019 366 esse.
1065 336 1153 373 Quae
1175 346 1245 365 cum

253 385 463 427 pronuntiata
475 389 588 423 essent,
605 397 712 416 omnes
728 386 767 416 ad
779 386 945 417 Octavium
963 385 1167 417 transierunt.

686 467 830 497 XXXII

451 533 510 565 DE
534 534 652 566 REGE
675 534 865 566 CONSULI
886 534 1053 566 DEDI'I'O

298 598 431 630 Liberos
456 610 584 640 quoque
610 611 723 641 parvos
750 600 852 641 regios
877 601 935 630 Ion
962 599 1248 630 Thessalonicensis

255 649 391 679 Octavio
422 649 579 683 tradidi&
615 660 671 679 nec
700 649 878 691 quisquam,
910 654 1036 691 praeter
1062 649 1247 691 Philippum

256 698 428 729 maximum
455 702 532 729 natu
559 698 696 729 filiorum
722 710 791 729 cum
817 711 889 740 rege
920 699 1054 730 relictus.
1111 700 1193 729 Tum
1218 710 1249 729 se

256 748 420 790 filiumque
444 748 578 779 Octavio
602 748 747 786 tradidit,
765 749 925 779 fortunam
950 749 1098 790 deosque,
1114 759 1248 790 quorum

257 797 413 839 templum
438 801 516 836 erat,
534 797 622 828 nulla
644 809 705 840 ope
728 798 900 840 supplicem
925 799 1069 829 iuvantes
1091 809 1250 830 accusans.

259 847 295 877 In
313 847 504 888 praetoriam
523 859 633 878 navem
651 848 771 889 imponi
789 848 906 878 iussus:
930 847 1038 878 eodem
1063 850 1096 878 et
1118 848 1252 889 pecunia

259 908 340 938 quae
364 896 522 939 superfuit
544 897 652 928 delata
675 900 732 934 est,
755 897 979 939 extemploque
995 897 1098 928 classis
1115 897 1252 939 Amphi-

258 945 355 988 polim
373 946 500 987 repetit.
546 946 623 977 Inde
643 947 794 978 Octavius
815 959 919 989 regem
940 947 972 978 in
997 950 1100 978 castra
1117 947 1157 977 ad
1179 958 1251 977 con-

258 995 356 1025 sulem
381 995 468 1026 misit
492 996 668 1038 praemissis
689 997 816 1035 litteris,
833 1000 870 1028 ut
885 997 917 1027 in
934 1000 1094 1039 potestate
1110 1007 1166 1027 sua
1180 1007 1252 1027 eum

259 1056 324 1075 esse
340 1048 373 1076 et
388 1044 503 1076 adduci
517 1045 619 1077 sciret.

302 1094 478 1125 Secundam
505 1106 585 1133 eam,
609 1096 690 1127 sicut
717 1099 796 1134 erat,
822 1095 985 1127 victoriam
1013 1099 1111 1132 ratus,
1137 1094 1254 1126 Paulus

259 1144 403 1175 victimas
419 1144 542 1176 cecidit.
588 1145 729 1176 Consilio
746 1149 856 1176 vocato
873 1145 996 1176 litteras
1012 1145 1167 1187 praetoris
1182 1155 1253 1175 cum

260 1194 422 1225 recitasset
444 1196 481 1232 Q.
499 1194 627 1225 Aelium
650 1195 716 1236 regi
740 1194 867 1225 obviam
890 1194 935 1225 ire
954 1195 1055 1231 iussit,
1078 1198 1198 1225 ceteros
1220 1194 1253 1224 in

260 1245 421 1285 praetorio
438 1255 571 1274 manere.
619 1245 690 1275 Non
712 1244 790 1275 alias
813 1245 851 1275 ad
875 1244 973 1274 ullum
991 1243 1203 1286 spectaculum
1221 1244 1253 1274 in

260 1293 369 1324 castris
393 1296 487 1323 tanta
511 1293 687 1324 multitudo
711 1294 858 1324 occurrit.
904 1295 1033 1324 Perseus
1054 1293 1137 1323 enim
1158 1296 1255 1333 caput

262 1342 334 1372 belli
349 1346 427 1379 erat,
441 1354 496 1373 nec
509 1343 607 1384 ipsius
621 1343 714 1373 modo
725 1344 826 1385 patris
838 1343 951 1384 avique
964 1343 1048 1373 sama
1061 1342 1253 1384 praeclarum

260 1403 330 1422 eum
348 1392 519 1429 faciebant,
536 1392 588 1422 sed
612 1393 753 1435 Philippi
777 1393 880 1435 gloria
895 1396 927 1424 et
945 1393 1050 1433 magni
1069 1391 1255 1429 Alexandri,

261 1442 316 1482 qui
339 1441 549 1472 Macedonum
573 1442 739 1483 imperium
764 1454 920 1473 summum
944 1443 975 1472 in
1000 1442 1075 1472 orbe
1099 1445 1254 1472 terrarum

261 1491 409 1522 fecerant.

681 1535 844 1565 XXXIII

382 1602 442 1633 DE
464 1602 600 1634 PAULI
623 1602 719 1635 CUM
741 1602 859 1634 REGE
882 1602 1131 1642 COLLOQUIO

305 1668 435 1698 Perseus
451 1679 521 1698 cum
540 1668 604 1699 filio
620 1680 676 1699 suo
687 1672 790 1700 castra
802 1668 958 1709 ingressus
968 1671 1025 1699 est.
1072 1668 1150 1698 Prae
1163 1666 1259 1698 turba

262 1718 454 1748 currentium
471 1717 511 1748 ad
528 1718 742 1759 spectaculum
754 1717 900 1760 progredi
912 1729 974 1748 non
986 1720 1146 1760 poterant,
1159 1716 1259 1747 donec

261 1778 280 1797 a
317 1766 443 1798 consule
481 1767 606 1799 lictores
644 1768 729 1798 missi
761 1771 876 1805 esseut,
907 1767 962 1809 qui
993 1766 1033 1798 ad
1064 1766 1259 1809 praetorium

260 1815 422 1849 ducerent.
