1371 2128
276 109 338 139 DE
362 109 599 140 DISSIPATA
623 110 883 140 PHALANGE
1041 110 1082 140 15

79 194 176 225 aciem
194 195 348 226 instruere
364 196 484 238 potuit.
532 197 649 238 Itaque
665 196 870 227 intervallum
888 195 976 238 quod
999 195 1084 225 inter

79 247 237 275 caetratos
253 249 286 276 et
303 245 478 288 phalanges
493 249 572 284 erat,
590 246 736 289 implevit
761 246 854 288 legio,
870 249 968 288 atque
984 245 1082 276 aciem

80 294 220 326 hostium
246 296 432 338 interrupit.
479 298 511 327 A
539 300 630 339 tergo
657 297 807 328 caetratis
832 300 913 333 erat,
940 295 1079 326 frontem

80 344 227 376 adversus
242 345 395 388 clipeatos
412 346 573 382 habebat余
597 346 811 388 chalcaspides
827 345 1083 389 appellabantur.

82 395 257 426 Secundam
284 396 439 437 legionem
460 397 494 428 L.
512 396 651 427 Albinus
668 396 781 427 ducere
802 396 950 427 adversus
966 395 1083 426 leucas-

83 444 188 487 pidem
215 445 406 487 phalangem
433 447 532 477 iussus
560 450 629 482 est余
652 458 689 477 ea
714 446 817 477 media
840 446 922 477 acies
943 445 1083 476 hostium

81 498 161 527 erat.
208 496 245 526 In
262 496 410 527 dextrum
428 508 536 535 cornu,
553 496 636 528 unde
652 497 734 528 circa
750 496 867 528 flumen
883 496 1083 527 commissum

83 545 236 587 proelium
254 550 333 583 erat,
349 547 538 589 elephantos
558 546 682 578 inducit
705 550 738 578 et
761 546 828 578 alas
851 547 1027 581 sociorum余
1051 548 1084 576 et

81 594 155 626 hinc
170 596 308 638 primum
323 596 399 638 fuga
417 597 630 628 Macedonum
646 600 694 628 est
710 600 792 629 orta.

528 705 636 736 XXII

283 771 344 803 DE
365 771 606 804 DISSIPA'I'A
628 770 875 803 PHALANGE

125 838 380 880 Elephantorum
414 839 570 881 impetum
608 838 708 868 secuti
746 841 822 868 sunt
852 837 927 868 socii
960 837 1081 875 Latini,

82 887 337 930 pepuleruntque
354 887 477 918 laevum
495 898 604 919 cornu.
652 888 690 918 In
707 886 812 918 medio
836 886 973 917 secunda
997 885 1080 928 legio

79 938 219 968 immissa
231 937 399 979 dissipavit
414 938 555 968 hostium
568 937 702 968 ordines.
738 936 848 968 Multa
863 936 946 967 enim
964 936 1080 978 passim

80 987 202 1030 proelia
232 991 324 1019 erant
355 999 437 1029 quae
468 987 677 1019 fluctuantem
716 986 929 1018 turbaverunt
966 986 1081 1028 primo,

79 1037 194 1068 deinde
209 1037 401 1068 disiecerunt
417 1037 620 1079 phalangem.
666 1037 716 1067 Ea
732 1037 876 1068 conferta
891 1040 924 1068 et
946 1036 1080 1067 intentis

80 1087 210 1118 horrens
240 1087 341 1118 hastis
372 1087 450 1118 vires
482 1086 699 1118 intolerabiles
729 1086 845 1118 habet:
885 1086 910 1117 si
941 1086 1078 1128 carptim

80 1137 295 1180 aggrediendo
312 1137 506 1168 immobilem
518 1136 719 1179 longitudine
734 1140 768 1167 et
782 1136 942 1178 gravitate
954 1136 1078 1167 hastam

79 1188 290 1229 circumagere
307 1199 410 1229 cogas,
427 1187 460 1217 in
472 1187 603 1217 confusa
619 1190 705 1218 strue
722 1186 840 1217 milites
851 1185 1077 1228 implicantur余

81 1237 105 1268 si
122 1248 194 1268 vero
209 1241 267 1268 aut
286 1237 327 1267 ab
349 1237 447 1268 latere
466 1240 524 1268 aut
546 1236 587 1267 ab
612 1239 702 1278 tergo
726 1235 885 1267 tumultus
901 1235 1004 1267 factus
1020 1239 1078 1274 est,

80 1287 220 1318 disiectis
258 1286 424 1317 ordinibus
463 1286 669 1329 dissipantur.
736 1287 786 1317 Sic
824 1289 893 1317 tum
932 1285 1080 1317 adversus

81 1337 253 1374 Romanos,
278 1336 466 1367 catervatim
494 1336 698 1373 incurrentes,
726 1336 908 1378 interrupta
932 1335 998 1366 acie
1024 1335 1080 1365 ob-

81 1387 163 1417 viam
190 1387 235 1417 ire
261 1386 468 1428 cogebantur.
515 1386 664 1423 Romani,
688 1397 887 1427 quacumque
911 1385 1081 1416 intervalla

81 1436 158 1468 data
182 1440 295 1473 essent,
321 1436 520 1467 immiserunt
544 1436 669 1466 ordines
692 1447 773 1467 suos.
821 1436 853 1466 Si
876 1439 983 1467 autem
1008 1438 1081 1467 tota

80 1487 146 1518 acie
162 1487 194 1517 in
211 1487 349 1517 frontem
366 1485 514 1516 adversus
531 1486 719 1517 instructam
736 1485 928 1527 phalangem
949 1496 1078 1516 concur-

80 1537 204 1574 rissent,
221 1537 253 1567 in
277 1536 384 1567 hastas
405 1535 590 1566 incidissent
605 1547 661 1566 nec
677 1536 852 1566 confertam
868 1535 967 1566 aciem
984 1535 1079 1566 susti-

80 1587 231 1618 nuissent.
278 1586 316 1617 Id
334 1585 493 1627 Paelignis
508 1586 614 1617 evenit
631 1585 788 1628 principio
804 1596 940 1628 pugnae,
951 1585 1078 1616 incaute

80 1636 228 1668 adversus
243 1639 405 1667 caetratos
421 1636 579 1666 immissis.
