1371 2128
263 147 283 176 2
552 146 775 178 AEMILIUS
798 148 977 179 PAULUS

263 237 366 265 essent
386 237 424 265 ut
445 234 477 264 id
499 233 627 265 tandem
652 234 795 265 finiretur
817 234 945 265 bellum.
993 235 1107 275 Itaque
1129 235 1255 263 senatus

263 283 442 314 consultum
460 283 580 314 factum
596 286 644 314 est
661 286 698 314 ut
713 283 778 313 sine
794 294 883 314 mora
897 283 1037 314 consules
1049 285 1239 314 crearentur.

307 332 458 364 Consules
480 332 578 363 creati
600 333 637 363 L.
661 332 818 363 Aemilius
844 332 960 363 Paulus
986 333 1112 370 iterum,
1139 334 1255 373 quarto

264 381 386 412 decimo
402 393 486 412 anno
503 385 672 423 postquam
690 381 889 412 consulatum
906 382 1043 423 primum
1059 384 1207 423 gesserat,
1223 383 1256 411 et

264 432 304 462 G.
331 431 473 462 Licinius
497 433 634 462 Crassus
687 432 851 462 Praetores
874 434 1000 473 postero
1024 431 1076 462 die
1098 430 1173 461 facti
1196 431 1255 460 Cn.

265 481 411 518 Baebius,
433 481 469 512 L.
495 481 628 511 Anicius
652 481 774 519 Gallus,
791 482 846 511 Cn.
873 481 1035 519 Octavius,
1051 482 1086 512 P.
1105 480 1256 511 Fonteius

266 530 396 568 Balbus,
406 531 452 562 M.
469 530 630 561 Aebutius
647 530 762 568 Helva,
775 531 814 562 G.
833 531 978 572 Papirius
995 530 1107 561 Carbo.
1141 529 1257 560 Omnia

266 583 400 622 propter
436 579 554 611 bellun]
594 580 834 611 Macedonicum
873 580 1028 611 maturius
1064 579 1253 621 agebantur.

266 630 380 671 Itaque
405 633 532 660 senatus
558 641 655 660 novos
681 630 886 671 magistratus
914 629 1023 660 statim
1049 629 1154 660 sortiri
1182 639 1253 670 pro-

268 679 382 710 vincias
398 680 499 717 iussit,
516 682 554 710 ut
576 679 709 710 sciretur
724 679 788 710 utri
804 678 927 710 consuli
944 679 1134 710 Macedonia
1148 681 1181 709 et
1204 678 1254 708 cui

266 729 403 770 praetori
420 729 524 760 classis
540 729 685 760 venisset.
732 729 849 759 Omnia
858 729 941 760 enim
958 728 1061 759 voluit
1076 728 1141 758 sine
1164 739 1253 758 mora

265 778 402 820 cogitari
419 781 452 809 et
468 778 573 820 parari
591 778 695 809 utilia.

308 828 499 859 Consulibus
515 828 612 859 Italia
627 831 660 859 et
682 828 883 866 Macedonia,
908 827 1107 870 praetoribus
1131 830 1256 869 praeter

265 877 344 908 duas
360 878 392 908 in
409 877 486 908 urbe
502 877 735 908 iurisdictiones
750 877 856 908 classis
871 880 904 908 et
920 878 1078 918 Hispania
1094 881 1127 908 et
1148 876 1255 907 Sicilia

265 931 298 958 et
315 927 462 958 Sardinia
474 927 654 969 provinciae
666 928 851 958 nominatae
866 930 950 958 sunt.
975 926 1103 957 Consuli
1115 925 1254 957 Aemilio

265 976 467 1015 Macedonia,
484 977 608 1007 Licinio
624 977 722 1008 Italia
738 977 836 1009 venit.
883 978 1014 1008 Praetor
1033 977 1087 1007 Cn.
1106 975 1256 1007 Octavius

266 1026 393 1057 classem
410 1030 458 1057 est
473 1027 616 1058 sortitus.

736 1135 785 1164 111

337 1208 396 1240 DE
419 1208 608 1241 LEGATIS
631 1209 681 1241 IN
703 1209 1012 1241 MACEDONIAM
1034 1208 1183 1241 Mlssls

313 1281 431 1311 Statim
462 1281 613 1323 apparuit
640 1281 786 1312 omnibus
817 1293 879 1312 non
910 1281 1047 1323 segniter
1076 1280 1109 1311 id
1139 1279 1257 1311 bellum

268 1330 305 1361 L.
328 1329 500 1360 Aemilium
524 1334 689 1371 gesturum
712 1342 785 1361 esse.
832 1330 926 1360 Alius
948 1330 1031 1360 enim
1055 1330 1102 1360 vir
1123 1332 1202 1366 erat,
1224 1332 1257 1359 et

268 1378 334 1409 dies
351 1382 521 1421 noctesque
534 1390 570 1409 ea
582 1379 649 1409 sola
665 1379 807 1410 intentus
818 1379 981 1421 cogitabat
993 1390 1074 1420 quae
1083 1378 1124 1409 ad
1140 1377 1257 1409 bellum

268 1428 483 1470 pertinebant.
519 1429 669 1459 Omnium
686 1429 822 1470 primum
839 1440 858 1459 a
869 1432 980 1459 senatu
997 1429 1092 1470 petiit
1109 1431 1145 1459 ut
1162 1427 1258 1469 legati

269 1478 302 1508 in
331 1478 553 1508 Macedoniam
580 1478 785 1509 mitterentur
811 1481 844 1509 et
868 1478 1039 1509 exercitum
1067 1478 1257 1518 classemque

269 1527 406 1558 viserent
426 1531 459 1558 et
474 1528 661 1558 nuntiarent
678 1539 758 1569 quae
774 1539 821 1558 res
836 1539 872 1558 ea
887 1531 1008 1559 aestate
1023 1531 1130 1569 gestae
1145 1529 1257 1558 essent.

270 1576 331 1607 His
347 1576 435 1607 ‘bene
456 1577 592 1618 cognitis
617 1580 703 1608 certa
725 1577 855 1608 consilia
876 1578 945 1619 capi
968 1588 1057 1619 posse
1082 1576 1258 1608 affirmavit.

269 1627 403 1657 Senatus
427 1626 548 1668 legatos
575 1627 619 1657 ire
644 1627 734 1658 iussit
761 1638 839 1668 quos
870 1628 905 1659 L.
939 1627 1095 1657 Aemilius
1119 1626 1256 1657 volebat.

268 1676 383 1717 Legati
402 1676 467 1706 sine
489 1687 577 1707 mora
596 1676 731 1718 profecti
754 1678 811 1708 Cn.
830 1676 992 1707 Domitius
1013 1676 1256 1713 Ahenobarbus,

268 1727 310 1756 A.
329 1725 469 1755 Licinius
485 1726 598 1763 Nerva,
614 1726 652 1757 L.
670 1726 814 1758 Baebius,
917 1728 922 1730 ’

312 1775 510 1816 Iusequentis
533 1775 608 1806 anni
635 1775 803 1817 principio,
831 1776 940 1806 Idibus
970 1775 1108 1812 Martiis,
1131 1778 1257 1806 senatus

265 1823 441 1856 mirabatur
473 1824 550 1866 quid
582 1825 689 1856 consul
723 1825 810 1856 cuius
848 1837 885 1856 ea
920 1825 1083 1868 provincia
1113 1828 1182 1856 erat
1218 1824 1258 1855 de
