1371 2128
186 526 604 580 AEMILIUS
658 524 986 579 PAULUS

573 677 588 707 I

238 744 298 775 DE
320 744 452 776 BELLI
474 742 758 776 MACEDONICI
781 742 925 774 1N1'1'10

82 819 260 855 Pampvrs,
286 817 494 849 Macedoniae
517 828 583 855 rex,
613 816 731 847 bellum
762 816 810 847 bis
835 818 975 857 gesserat
1009 826 1081 846 cum

81 867 202 910 populo
227 869 386 905 Romano,
403 868 569 909 victusque
592 866 703 898 foedus
722 866 852 897 fecerat.
899 866 976 896 Post
1000 877 1083 896 mor—

80 921 146 948 tem
169 918 235 948 eius
262 919 390 948 Perseus
417 917 500 948 filius
526 916 644 947 multos
672 915 783 958 populi
816 915 955 946 Romani
982 915 1082 945 socios

79 967 202 998 iniuriis
234 967 383 1004 vexabat,
413 968 653 1008 Eumenemque
683 965 814 997 tandem
849 965 945 996 Asiae
975 976 1080 1006 regem

82 1018 217 1048 Romam
229 1017 333 1048 venire
346 1017 451 1058 coegit
467 1020 505 1047 ut
520 1016 676 1047 auxilium
694 1018 825 1057 peteret.
865 1016 895 1045 Is
912 1015 943 1045 in
960 1016 1079 1045 curiam

79 1066 194 1098 ductus
224 1070 406 1098 senatorum
437 1066 559 1097 animos
590 1066 735 1096 oratione
767 1065 950 1102 commovit,
978 1076 1080 1106 neque

79 1116 181 1146 Persei
199 1115 297 1157 legati
314 1127 419 1157 regem
437 1115 603 1147 defendere
616 1118 777 1158 poterant.
826 1115 940 1156 Itaque
956 1114 1078 1145 indicto

78 1164 162 1195 bello
175 1165 285 1195 missus
301 1169 350 1196 est
361 1165 392 1195 in
407 1165 573 1196 Graeciam
587 1164 694 1195 consul
709 1165 744 1195 P.
760 1164 909 1195 Licinius.
935 1165 1080 1205 Accepta

78 1215 215 1256 primum
235 1215 323 1246 clade
348 1216 460 1246 Persea
484 1215 614 1246 tandem
638 1226 654 1245 e
676 1214 842 1245 Thessalia
865 1213 1001 1256 expulit,
1025 1213 1078 1244 sed

76 1276 178 1307 neque
210 1265 352 1296 Licinius
383 1277 485 1307 neque
516 1267 589 1307 post
620 1275 692 1295 eum
723 1263 832 1294 consul
864 1265 902 1302 Q.
936 1264 1077 1294 Marcius

77 1315 194 1346 bellum
218 1315 370 1346 conficere
397 1318 537 1357 poterat.
584 1315 655 1345 Rex
677 1314 761 1345 enim
786 1314 870 1344 inter
897 1316 1021 1344 montes
1045 1317 1078 1344 et

74 1364 206 1396 flumina
222 1368 313 1396 tutus
326 1376 483 1406 nusquam
499 1364 649 1395 dimicare
666 1363 779 1395 voluit.
826 1363 965 1394 Romani
978 1363 1075 1393 etiam

72 1415 280 1457 imperatores
303 1426 367 1446 non
392 1414 471 1446 bene
494 1414 649 1457 gerebant
668 1413 798 1449 bellum,
820 1417 853 1444 et
880 1414 932 1444 vix
959 1413 1074 1444 exerci-

73 1467 143 1495 tum
180 1468 447 1495 conservaverunt
485 1463 687 1495 incolumem.
749 1464 914 1494 Romanus
952 1462 1075 1493 interea

72 1513 210 1557 populus
233 1513 449 1550 irascebatur3
474 1517 538 1545 tres
553 1513 617 1545 iam
637 1524 737 1544 annos
753 1512 872 1544 frustra
888 1511 962 1543 belli
981 1512 1074 1543 finem

71 1567 306 1606 expectaverat.

556 1632 589 1662 II

200 1701 260 1732 DE
284 1700 491 1733 SECUNDO
515 1699 652 1732 PAULI
676 1698 942 1732 GONSULATU

112 1769 181 1799 Iam
213 1767 325 1799 aderat
360 1768 435 1799 anni
474 1768 556 1806 finis,
592 1768 744 1809 anxiique
781 1771 916 1810 propter
953 1767 1070 1798 bellum

71 1817 313 1849 Macedonicum
330 1818 473 1849 homines
494 1817 691 1859 quaerebant
708 1818 763 1859 qui
785 1817 927 1848 consules
943 1817 1071 1848 creandi

954 1869 967 1893 l
