1371 2128
261 145 302 175 10
549 147 770 178 AEMILIUS
795 148 971 179 PAULUS

260 231 503 272 necopinantem
519 231 776 273 aggrederentur.
812 232 910 262 Missa
925 232 1025 274 igitur
1036 232 1142 263 decem
1155 232 1256 263 millia

262 279 411 317 militum,
427 291 563 322 quorum
581 280 645 311 duo
661 281 762 312 millia
778 281 968 312 Macedones
991 285 1091 320 erant,
1108 286 1145 313 ut
1168 282 1255 324 prius

261 329 360 360 saltus
384 333 529 361 tenerent
554 342 649 372 quam
675 331 790 362 Nasica
815 331 848 361 in
875 343 1020 373 campum
1052 343 1108 374 per
1132 335 1255 362 montes

262 378 448 411 descendere
471 384 611 422 possent.
656 382 786 411 Horum
810 380 892 411 Milo
914 381 980 411 dux
1005 385 1083 412 erat.
1130 382 1197 412 Iam
1221 382 1254 412 in

261 429 424 470 angustias
449 430 587 460 Romani
617 431 832 467 ascenderant,
859 441 930 461 cum
961 430 1043 461 Milo
1074 441 1255 472 congressus

262 481 319 509 est.
366 479 431 510 Diu
462 479 612 510 acerrime
641 483 821 522 pugnatum
852 483 899 511 est
930 480 963 510 in
990 479 1059 510 loco
1083 480 1253 522 inaequali.

265 528 354 558 Fusis
369 529 497 559 tandem
518 529 747 560 Macedonibus
768 530 881 560 Nasica
903 529 945 560 ad
968 541 1113 572 campum
1134 530 1254 570 mariti-

264 588 349 607 mum
366 577 587 610 descendebat.

307 627 435 658 Perseus
452 628 622 659 intercluso
637 640 657 659 a
672 631 763 670 tergo
779 628 892 659 itinere
908 628 1004 659 sensit
1020 628 1130 659 statim
1143 628 1202 659 sibi
1215 627 1256 658 ab

264 676 389 718 Enipeo
405 677 618 708 decedendum
634 689 708 709 esse.
755 679 866 720 Neque
881 678 966 708 enim
983 681 1091 709 tutum
1108 678 1171 709 iam
1187 677 1254 708 adi-

264 728 332 756 tum
349 737 413 757 esse
429 731 624 758 commeatus
639 727 854 765 afferentibus,
871 739 973 769 neque
988 728 1011 758 si
1025 727 1133 758 consul
1150 727 1255 769 plures

262 786 388 806 suorum
401 787 457 818 per
473 780 596 808 montes
612 778 755 815 misisset,
772 789 803 808 se
820 778 922 819 ipsum
938 777 1075 819 effugere
1090 788 1189 819 posse.

727 891 790 921 XV

378 957 437 989 DE
460 957 629 989 PERSEO
652 958 679 989 Ε
702 957 886 990 GAS'I'RIS
909 957 1135 989 PROFEGTO

306 1025 385 1054 Mox
408 1023 527 1061 consul,
543 1034 736 1065 quamquam
752 1022 833 1054 nihil
849 1026 970 1054 certum
986 1022 1141 1059 audierat,
1157 1023 1255 1053 sensit

263 1074 317 1115 qui
336 1073 447 1104 fuisset
470 1074 513 1103 rei
535 1076 674 1104 eventus.
721 1072 880 1103 Cernebat
895 1073 978 1103 enim
994 1076 1133 1114 strepere
1149 1073 1257 1103 onmia

264 1124 445 1165 moverique
461 1122 546 1165 apud
563 1123 680 1160 hostes,
697 1123 785 1164 quasi
803 1126 905 1154 castra
921 1123 983 1152 iam
999 1125 1084 1153 retro
1095 1125 1255 1152 moturos:

263 1174 373 1214 itaque
396 1172 558 1203 intellexit
574 1184 677 1214 regem
694 1184 710 1203 e
726 1172 796 1203 loco
812 1183 876 1203 non
897 1175 971 1203 tuto
994 1171 1153 1208 decedere,
1169 1171 1255 1212 quod

265 1223 326 1254 iam
345 1234 400 1265 per
416 1226 539 1253 montes
556 1223 670 1253 Nasica
685 1221 895 1253 descenderet.

308 1274 376 1303 Rex
406 1272 590 1303 custodibus
624 1272 665 1302 ad
694 1272 886 1303 munitiones
913 1271 1031 1302 relictis
1058 1270 1214 1313 paulatim
1238 1281 1255 1300 e

263 1323 372 1354 castris
388 1321 516 1353 reduxit
540 1333 619 1353 suos.
666 1321 732 1352 Sub
748 1325 872 1352 noctem
888 1324 921 1352 et
937 1320 1081 1352 custodes
1097 1320 1255 1352 abierunt.

264 1374 373 1414 Neque
389 1371 497 1402 consul
520 1372 606 1413 prius
621 1371 772 1406 adortus;
796 1370 944 1412 sperabat
967 1371 1049 1401 enim
1074 1381 1105 1400 se
1128 1373 1256 1412 postero

262 1422 314 1453 die
331 1421 523 1452 munitiones
536 1424 630 1452 tanto
643 1421 750 1452 labore
766 1423 962 1451 constructas
978 1420 1044 1450 sine
1060 1431 1168 1461 pugna
1183 1431 1255 1461 cap-

264 1476 371 1503 turum
388 1482 460 1502 esse.

308 1522 435 1551 Perseus
460 1531 583 1550 summa
604 1519 809 1551 festinatione
833 1518 976 1560 Pydnam
1005 1518 1159 1560 pervenit.
1205 1518 1256 1549 Ibi

262 1571 375 1601 anxius
400 1570 466 1611 egit
486 1573 623 1607 noctem,
639 1569 708 1600 aliis
731 1568 794 1599 alia
816 1568 1030 1599 suadentibus.
1077 1567 1123 1598 Hi
1146 1568 1255 1599 statim

265 1620 416 1651 dimicare
441 1618 607 1657 iubebant,
632 1630 671 1649 ne
697 1618 786 1649 effusi
811 1618 844 1648 in
869 1617 1091 1648 Macedoniam
1118 1616 1255 1647 Romani

264 1670 372 1701 omnia
387 1672 559 1700 vastarent.
606 1668 657 1699 Illi
674 1668 784 1698 melius
796 1679 860 1698 esse
872 1667 1021 1698 dicebant
1038 1668 1254 1697 Romanorum

264 1720 343 1750 vires
374 1718 593 1750 obsidionibus
622 1721 732 1749 terere.
779 1718 850 1760 Ipse
880 1728 951 1747 cum
982 1716 1127 1747 omnibus
1158 1716 1256 1758 copiis

264 1769 420 1811 proelium
437 1768 635 1799 committere
651 1767 765 1798 maluit
780 1778 875 1809 quam
893 1777 962 1797 cum
980 1766 1087 1808 paucis
1107 1765 1254 1796 obsideri.

267 1819 369 1848 Locus
386 1820 549 1860 praeterea
564 1817 695 1847 idoneus
718 1819 786 1847 erat
809 1827 945 1858 pugnae,
968 1826 1031 1856 qua
1047 1813 1186 1856 phalanx
1202 1825 1258 1856 per
