1371 2128
256 125 316 156 DE
341 125 464 156 REGE
489 125 549 156 AB
573 125 728 156 AMICIS
752 125 960 156 DESERTO
1071 125 1107 155 21

109 205 228 238 dicitur
250 208 328 239 sorti
350 207 518 245 humanae,
534 207 621 250 quod
638 207 663 238 is
679 208 734 249 qui
752 207 848 250 paulo
864 210 939 238 ante
955 218 1018 238 non
1035 218 1108 237 con-

110 259 218 288 tentus
239 267 337 297 regno
354 257 562 288 Macedoniae
580 257 747 288 Dardanos
772 257 960 299 Illyriosque
983 267 1106 298 oppug-

109 310 224 344 nasset,
241 309 311 338 tum
335 308 450 338 amisso
473 307 626 345 exercitu,
643 307 779 338 extorris
802 318 911 349 regno,
927 307 960 337 in
978 317 1104 349 parvam

109 355 244 387 insulam
269 356 387 398 pulsus,
404 357 549 399 supplex,
567 357 631 388 fani
649 356 811 399 religione,
828 367 891 387 non
909 356 1028 387 viribus
1044 355 1107 386 suis

109 408 200 436 tutus
215 409 304 437 esset.
351 406 411 437 Sed
429 410 598 448 postquam
617 406 695 448 legit
707 417 810 447 regem
826 406 937 436 Persea
947 404 1105 436 consulem

108 456 243 487 Paulum
271 457 420 495 salutare,
448 457 591 489 stultitia
619 457 780 488 fortunam
812 468 899 487 suam
928 455 1106 498 ignorantis

106 506 340 537 miserationem
366 518 491 538 omnem
519 507 648 538 exemit.
704 508 820 548 Itaque
845 516 1039 548 quamquam
1069 504 1100 535 in

106 555 229 596 reliqua
253 559 345 597 parte
373 556 553 587 litterarum
582 556 710 586 minime
737 555 842 597 regiae
873 566 978 597 preces
1002 557 1103 590 erant,

105 608 213 635 tamen
237 605 302 635 sine
326 617 474 648 responso
497 617 534 636 ac
557 606 622 636 sinc
647 605 763 636 litteris
784 616 820 635 ea
843 604 961 646 legatio
977 603 1106 635 dimissa

104 660 159 688 est.
206 658 310 688 Sensit
340 658 467 688 Perseus
495 658 572 699 regii
598 657 735 688 nominis
762 669 793 688 se
815 657 933 687 victum
961 655 1103 687 oblivisci

106 706 238 742 debere;
278 707 388 748 itaque
415 707 535 738 alterae
566 707 693 738 litterae
723 718 792 737 cum
825 706 952 748 privato
977 705 1105 736 nomine

105 756 225 787 missae.
272 757 356 787 Tum
388 756 496 787 consul
528 760 592 787 tres
623 756 746 798 legatos
772 756 811 786 ad
842 756 952 786 Persea
977 755 1104 785 mittere

104 805 241 837 volebat.
289 806 349 837 Sed
374 806 454 837 nihil
476 818 513 837 ea
537 806 698 848 legatione
721 806 896 848 perfectum
915 808 973 842 est,
990 805 1103 835 Perseo

102 856 224 897 regium
251 867 365 887 nomen
393 856 619 898 amplectente,
648 856 748 887 Paulo
773 855 903 886 iubente
927 867 958 885 se
985 865 1104 896 suaque

101 904 210 936 omnia
226 905 258 936 in
270 904 363 936 fidem
379 909 412 936 et
429 905 632 937 clementiam
650 905 763 948 populi
781 904 919 936 Romani
937 903 1072 935 tradere.

537 1031 663 1062 XXXI

255 1097 315 1130 DE
339 1098 457 1131 REGE
479 1099 538 1131 AB
560 1099 719 1132 AMIOIS
741 1099 945 1133 DESERTO

145 1165 230 1195 Dum
255 1164 332 1195 haec
354 1169 505 1207 aguntur,
524 1167 558 1197 C.
577 1167 729 1197 Octavius
753 1171 883 1209 praetor
906 1178 977 1198 cum
1002 1167 1098 1198 classe

100 1215 340 1246 Samothracam
359 1216 454 1247 venit.
502 1217 571 1247 Rex
589 1217 758 1248 interfecto
774 1217 1001 1259 Evandro‚qui
1018 1229 1099 1248 unus

100 1264 273 1295 amicorum
290 1277 394 1296 secum
411 1266 540 1297 relictus
563 1270 643 1303 erat,
660 1267 802 1297 omnium
826 1267 867 1298 ab
891 1279 922 1298 se
945 1267 1098 1298 alienavit

99 1307 230 1345 animos.
278 1315 340 1346 Pro
357 1327 388 1346 se
405 1316 539 1358 quisque
563 1317 698 1347 transire
721 1317 761 1347 ad
784 1319 963 1348 Romanos:
989 1318 1097 1359 fugae-

99 1375 160 1405 que
183 1364 349 1395 consilium
375 1377 474 1407 prope
497 1365 598 1396 solum
624 1366 769 1397 relictum
786 1378 899 1409 capere
915 1371 1097 1409 coegerunt.

100 1413 280 1445 Oroandem
292 1415 474 1446 Cretensem
486 1416 534 1446 cui
549 1419 626 1447 nota
636 1416 791 1448 Thraciae
801 1428 857 1448 ora
866 1421 935 1449 erat
944 1417 1100 1460 appellat,

98 1466 136 1495 ut
160 1475 191 1494 se
218 1464 251 1495 in
275 1464 447 1496 Thraciam
480 1465 618 1497 veheret.
665 1467 827 1498 Oroandes
852 1471 993 1498 moratus
1020 1467 1095 1498 dum

98 1514 232 1555 pecunia
256 1514 425 1556 aliquanta
451 1514 638 1554 deferretur,
659 1516 769 1559 primis
796 1517 935 1548 tenebris
961 1517 1099 1549 solverat

98 1574 210 1594 navem
235 1567 269 1595 et
295 1576 352 1607 per
375 1564 479 1596 altum
501 1566 630 1597 Cretam
654 1566 797 1608 petebat.
844 1568 984 1605 Perseus,
1008 1572 1098 1610 post-

97 1624 193 1654 quam
209 1614 242 1644 in
259 1617 355 1656 portu
374 1614 462 1645 navis
483 1626 548 1646 non
569 1615 701 1647 inventa
715 1619 773 1654 est,
791 1620 924 1659 vagatus
940 1617 1095 1659 aliquam-

95 1663 150 1694 diu
167 1663 200 1694 in
216 1663 320 1701 litore,
337 1664 370 1695 in
388 1664 486 1695 latere
502 1665 616 1708 templi
641 1678 740 1709 prope
755 1667 908 1709 angulum
925 1668 1093 1700 obscurum

95 1712 202 1745 latuit.
251 1714 325 1744 Una
351 1714 463 1745 cohors
490 1726 596 1757 regem
622 1716 798 1758 fugientem
825 1722 932 1749 secuta
959 1729 997 1749 ne
1024 1722 1092 1750 tum

95 1765 222 1806 quidem
245 1766 458 1808 relinquebat,
485 1767 585 1798 donec
609 1768 694 1799 iussu
718 1770 775 1801 Cn.
803 1770 929 1801 Octavii
954 1782 1094 1813 pronun-

95 1815 212 1846 tiatum
231 1820 279 1847 cst
295 1828 351 1858 per
367 1828 554 1859 praeconem
572 1818 764 1850 Macedonas
781 1831 899 1858 omnes,
913 1821 967 1862 qui
985 1822 1093 1852 Samo-
