1371 2128
287 144 326 177 16
571 146 793 177 AEMILIUS
817 146 995 178 PAULUS

715 256 841 286 XXIII

508 321 567 353 DE
590 321 737 354 GAEDE
760 321 1052 355 MAGEDONUM

325 387 411 417 Dum
435 386 580 428 peditum
604 387 719 429 passim
742 387 850 419 caedes
873 388 966 426 fiunt,
989 388 1152 430 equitatus
1177 399 1276 430 prope

284 436 409 477 integer
425 447 534 478 pugna
549 437 689 468 excessit.
735 438 884 480 Princeps
903 437 997 479 fugae
1019 448 1073 468 rex
1097 438 1162 480 ipse
1185 441 1275 474 erat;

280 496 350 516 cum
389 486 483 516 sacris
520 486 578 516 alis
608 487 751 528 equitum
784 487 903 518 Pellam
942 487 1083 529 petebat.
1144 489 1274 519 Ceterae

280 547 406 578 quoque
428 537 640 568 Macedonum
664 538 733 568 alae
756 541 846 569 tutae
868 538 1013 575 abibant,
1030 538 1105 580 quia
1128 538 1272 580 peditum

282 585 390 616 caedes
420 586 553 617 victores
584 587 781 618 immemores
811 588 929 619 fecerat
959 587 1108 629 sequendi
1139 588 1270 629 equites.

280 636 345 666 Diu
370 635 511 677 phalanx
535 648 554 666 a
579 636 694 676 fronte,
719 648 738 667 a
764 636 928 674 lateribus,
952 649 971 668 a
993 639 1084 678 tergo
1107 648 1195 667 caesa
1213 641 1270 668 est.

278 685 444 716 Postremo
460 685 513 726 qui
530 697 569 716 ex
585 686 724 717 hostium
742 686 886 717 manibus
902 686 999 729 elapsi
1022 690 1122 724 erant,
1139 686 1271 717 inermes

276 734 316 765 ad
334 746 418 765 mare
434 735 584 776 fugerunt
599 748 606 771 3
629 735 759 777 quidam
772 747 887 777 aquam
898 736 994 767 etiam
1005 736 1145 777 ingressi,
1159 747 1270 767 manus

276 783 317 814 ad
341 795 404 821 e05‚
430 784 485 825 qui
512 784 545 814 in
572 784 668 815 classe
692 786 838 815 Romana
858 788 959 821 erant,
982 784 1148 816 tendentes
1172 785 1268 815 vitam

275 833 421 864 orabant.
467 832 529 863 Sed
559 844 630 864 cum
660 833 822 864 hostiliter
848 845 864 864 e
891 833 1022 864 navibus
1053 834 1268 871 caederentur,

274 882 380 913 nando
405 885 584 924 repetentes
609 886 725 913 terram
757 883 789 913 in
820 882 914 913 aliam
941 882 1112 914 foediorem
1145 886 1265 925 pestem

275 930 479 962 incidebant:
503 931 665 973 elephanti
703 931 785 962 enim
824 931 865 962 ad
902 931 978 962 litus
1015 932 1078 963 acti
1117 935 1267 963 exeuntes

274 980 475 1011 obterebant.
522 981 692 1022 Nunquam
731 992 794 1011 uno
832 981 952 1022 proelio
989 984 1041 1012 tot
1078 981 1267 1011 Macedones

274 1030 444 1061 interfecti.
491 1031 589 1060 Caesa
612 1030 695 1060 enim
720 1030 835 1071 viginti
860 1030 960 1061 millia
982 1030 1147 1061 hominum
1171 1033 1266 1067 sunt3

273 1091 326 1110 sex
343 1079 453 1117 millia,
470 1091 551 1121 quae
568 1079 711 1121 Pydnam
728 1091 766 1110 ex
781 1079 847 1110 acie
863 1079 1021 1121 fugerant,
1031 1083 1064 1110 et
1081 1080 1264 1121 vagantium

272 1141 310 1159 ex
328 1129 403 1170 fuga
426 1129 566 1170 quinque
589 1129 689 1159 millia
707 1132 813 1170 capta.
859 1129 892 1159 Si
910 1129 1063 1159 maturius
1079 1140 1262 1159 concursum

271 1182 361 1213 esset,
377 1178 499 1209 deletae
515 1190 622 1209 omnes
638 1178 747 1220 copiae
764 1181 886 1214 essentg
911 1190 994 1209 nunc
1010 1190 1073 1209 nox
1089 1182 1122 1209 et
1138 1179 1260 1220 fugien-

271 1232 318 1260 tes
341 1229 424 1260 texit
444 1232 478 1259 et
501 1229 661 1258 Romanos
685 1228 803 1269 ignotis
826 1228 900 1258 locis
923 1228 1010 1269 sequi
1035 1229 1146 1259 vetuit.
1194 1229 1261 1259 Vic-

271 1282 377 1309 torum
394 1277 574 1308 ceciderunt
590 1278 714 1308 circiter
729 1281 867 1315 centum,
879 1280 911 1308 et
923 1289 1031 1308 eorum
1044 1277 1147 1309 multo
1163 1278 1263 1309 maior

269 1339 341 1370 pars
358 1327 512 1369 Paeligni.
560 1326 724 1358 Vulnerati
742 1327 909 1368 aliquanto
926 1326 1030 1369 plures
1046 1330 1128 1359 sunt.

706 1434 823 1464 XXIV

571 1501 631 1532 DE:
654 1501 815 1533 PERSEI
837 1500 957 1533 FUGA

311 1569 440 1599 Perseus
460 1566 501 1597 ad
518 1566 653 1597 Pieriam
671 1566 780 1596 silvam
798 1565 848 1596 via
864 1565 995 1596 militari
1012 1577 1081 1597 cum
1098 1566 1257 1608 frequenti

266 1618 392 1660 agmine
414 1617 558 1658 equitum
582 1616 678 1657 sugit.
725 1617 804 1646 Cum
828 1615 861 1646 in
884 1615 995 1646 silvam
1017 1619 1146 1647 ventum
1167 1620 1258 1654 esset,

266 1668 320 1699 ubi
337 1667 441 1709 plures
451 1666 589 1696 diversae
601 1666 730 1696 semitae
743 1668 843 1703 erant,
854 1668 887 1696 et
899 1676 961 1695 nox
973 1666 1257 1707 appropinquaret,

266 1731 336 1750 cum
353 1718 460 1760 paucis
476 1718 612 1748 maxime
628 1717 698 1747 fidis
714 1717 765 1747 via
781 1717 927 1748 devertit.
958 1717 1092 1759 Equites
1104 1718 1169 1748 sine
1179 1718 1258 1749 duce

264 1768 365 1799 relicti
383 1767 436 1798 alii
453 1766 517 1797 alia
532 1766 583 1797 via
599 1766 631 1797 in
648 1766 792 1797 civitates
808 1777 878 1796 suas
888 1765 1032 1808 dissipati
1043 1770 1127 1798 sunt.
1159 1767 1255 1798 Pauci

265 1817 384 1849 Pellam
397 1816 526 1847 celerius
542 1827 638 1857 quam
655 1816 721 1858 ipse
739 1816 877 1852 Perseus,
889 1815 965 1857 quia
980 1819 1066 1847 recta
1076 1816 1126 1847 via
1142 1817 1255 1856 ierant,
