1371 2128
256 152 276 183 4·
545 152 768 186 AEMILIUS
792 154 970 187 PAULUS

253 236 339 278 quod
381 236 436 267 diu
477 236 509 267 in
545 237 734 268 Macedonia
765 238 915 275 trahitur,
952 238 1074 280 putatis
1115 237 1248 280 dignum

254 286 374 328 populo
404 287 551 316 Romano
582 286 675 317 finem
700 298 756 329 per
787 298 836 317 me
866 287 987 329 imponi
1018 299 1118 330 posse.
1165 288 1249 318 Deos

255 346 382 377 quoque
411 335 485 365 huic
509 335 621 366 favisse
647 336 726 367 sorti
753 347 854 378 spero,
885 336 1073 378 eosdemque
1099 337 1131 367 in
1158 337 1251 368 rebus

253 385 398 426 gerendis
413 384 581 416 adfuturos
603 397 677 417 esse.
724 386 780 416 Me
800 385 922 417 affirmo
947 386 1054 417 omnia
1077 386 1250 424 facturum,

254 446 292 465 ne
308 434 426 465 frustra
442 446 496 465 vos
511 434 593 465 hanc
608 446 693 476 spem
711 435 751 466 de
767 446 816 466 me
840 436 1058 478 conceperitis.
1104 437 1192 474 Quae
1208 435 1249 466 ad

254 483 372 514 bellum
403 484 575 514 necessaria
600 487 686 523 sunt,
711 488 838 515 senatus
865 484 1014 517 decrevit.
1068 486 1140 523 Vos,
1167 496 1249 527 quae

253 545 313 575 ego
336 533 487 575 scripsero
509 534 633 565 senatui
655 537 713 565 aut
737 534 836 573 vobis,
861 546 898 565 ea
920 534 1036 566 habete
1063 546 1121 577 pro
1144 535 1247 566 certis.

255 585 410 614 Rumores
434 583 624 614 credulitate
649 587 754 615 vestra
780 595 819 614 ne
843 584 949 622 alatis,
974 595 1109 626 quorum
1136 587 1249 615 auctor

254 644 346 664 nemo
366 633 437 664 erit.
484 633 557 664 Hoc
572 633 655 664 enim
672 644 763 675 saepe
784 633 862 671 fieri,
878 633 938 665 hoc
961 633 1129 676 praecipue
1152 633 1247 671 bello,

254 682 475 714 animadverti.
531 683 632 713 Nemo
662 683 709 714 ita
739 694 878 714 rumores
905 683 1092 720 contemnit,
1117 686 1154 714 ut
1184 694 1247 714 non

253 733 319 763 eius
343 732 467 763 animus
489 731 651 763 debilitari
675 732 787 774 possit.
833 734 916 764 Sunt
942 733 1025 763 enim
1050 733 1168 774 ubique
1192 733 1247 774 qui

253 782 408 813 exercitus
435 782 467 812 in
499 781 721 812 Macedoniam
747 782 877 820 ducant,
903 782 957 813 ubi
985 785 1088 813 castra
1115 781 1248 813 locanda

253 832 318 863 sint
333 832 444 869 sciant,
461 831 589 873 quando
613 842 683 862 cum
703 831 793 863 hoste
817 831 1025 874 pugnandum
1048 832 1100 871 sit,
1117 831 1245 873 quando

253 881 364 912 melius
379 881 422 912 sit
437 881 624 922 quiescere.''

729 1007 772 1037 VI

373 1073 433 1106 DE
456 1073 657 1106 CONSULE
679 1073 737 1105 AB
759 1073 878 1105 URBE
901 1073 1127 1106 PROFEGTO

296 1140 361 1170 “A
408 1139 524 1181 quibus
562 1138 662 1180 igitur
700 1137 848 1168 monendi
896 1141 971 1169 suut
1017 1139 1245 1181 imperatores?

252 1188 393 1220 Primum
420 1188 462 1219 ab
486 1188 535 1218 his
560 1188 614 1229 qui
643 1187 814 1230 prudentes
838 1187 903 1218 sint
927 1190 960 1219 et
983 1199 1048 1218 rem
1073 1188 1243 1219 militarem

252 1249 309 1269 usu
330 1238 522 1273 didiceriut;
545 1237 658 1267 deinde
674 1237 715 1267 ab
731 1237 780 1267 his
796 1237 850 1278 qui
867 1248 936 1267 cum
954 1238 1092 1268 exercitu
1116 1237 1243 1276 adsunt,

251 1288 306 1330 qui
322 1288 444 1318 hostem
464 1287 583 1324 vident,
600 1287 655 1328 qui
672 1286 741 1317 loca
756 1290 789 1317 et
813 1290 958 1328 tempora
973 1286 1171 1328 intelligunt,
1187 1288 1242 1329 qui

251 1337 338 1368 velut
361 1338 393 1368 in
417 1336 526 1368 eadem
550 1348 628 1367 nave
652 1335 783 1378 periculi
805 1336 976 1378 participes
997 1340 1082 1368 sunt.
1129 1337 1243 1379 Itaque

250 1388 274 1417 si
291 1386 362 1428 quis
377 1390 435 1424 est,
451 1386 506 1427 qui
523 1385 631 1416 credat
647 1396 678 1416 se
694 1385 726 1416 in
747 1397 784 1416 eo
800 1385 894 1423 bello,
911 1385 996 1427 quod
1012 1390 1157 1427 gesturus
1173 1387 1242 1423 sim,

249 1436 477 1478 rempublicam
494 1435 631 1466 consiliis
647 1435 709 1465 suis
731 1435 880 1466 adiuvare
897 1446 996 1476 posse,
1012 1435 1037 1465 is
1053 1447 1092 1466 ne
1107 1435 1242 1478 deneget

249 1497 377 1528 operam
393 1496 492 1522 suam,
505 1489 538 1516 et
553 1485 585 1515 in
599 1484 820 1515 Macedoniam
833 1495 951 1515 mecum
964 1485 1079 1516 veniat.
1111 1486 1241 1524 Navem,

248 1547 376 1577 equum,
402 1534 654 1571 tabernaculum,
680 1534 828 1565 viaticum
855 1534 951 1565 etiam
978 1546 996 1564 a
1020 1546 1069 1564 me
1095 1535 1239 1578 accipiet.

249 1585 310 1623 Qui
335 1588 441 1615 autem
469 1584 502 1615 id
527 1584 627 1614 facere
651 1595 715 1614 non
740 1584 819 1621 vult,
844 1584 1010 1625 otiumque
1030 1584 1116 1615 urbis
1141 1585 1240 1626 magis

246 1635 339 1676 cupit
373 1645 468 1675 quam
504 1633 579 1664 belli
610 1633 744 1670 labores,
776 1634 800 1663 is
838 1644 854 1663 e
885 1636 969 1663 terra
1000 1644 1038 1663 ue
1075 1633 1238 1675 gubernet.

248 1684 492 1725 Loquacitatem
516 1694 603 1713 suam
628 1683 812 1719 contineat;
843 1694 899 1713 nos
922 1683 1006 1713 enim
1031 1683 1239 1714 castrensibus

245 1733 383 1764 consiliis
399 1733 541 1764 contenti
558 1732 703 1764 erimus.”

289 1783 447 1813 Sacrificio
485 1783 545 1813 rite
576 1782 662 1813 facto
692 1782 802 1813 statim
833 1785 866 1813 et
896 1781 1003 1813 consul
1041 1786 1074 1813 et
1111 1786 1240 1824 praetor

243 1833 304 1864 Cn.
334 1832 485 1863 Octavius
510 1832 541 1862 in
569 1831 790 1862 Macedoniam
816 1831 950 1874 profecti
975 1835 1059 1863 sunt.
1120 1833 1241 1874 Magna
