1371 2128
290 148 331 177 28
577 148 797 178 AEMILIUS
821 148 999 179 PAULUS

289 234 421 272 quentes
436 231 589 261 adessent.
637 232 758 261 Ducem
772 230 941 272 superbum
954 233 988 262 et
1001 230 1173 272 malignum
1190 230 1280 261 ulcis-

289 283 441 311 cerentur.
489 280 712 322 Rogationem,
723 291 804 322 quae
820 280 859 310 de
874 280 940 311 eius
956 280 1120 322 triumpho
1136 280 1280 318 ferretur,

288 329 503 371 antiquarent.
551 329 678 360 Plebem
696 329 847 360 urbanam
866 333 1043 360 secuturam
1059 341 1122 360 esse
1140 329 1279 360 militum

287 379 488 410 sententiam.
536 379 593 409 Ille
623 391 661 410 ne
692 382 832 421 speraret
862 379 907 409 ibi
944 379 1092 421 gratiam,
1123 378 1178 410 ubi
1215 390 1279 410 non

287 428 460 461 meruisset.

741 505 823 535 XLI

526 571 586 603 DE
609 571 786 604 GALBAE
809 571 1035 604 ORATIONE

329 637 381 667 Ita
404 636 559 667 militibus
583 637 735 674 incitatis,
751 637 783 667 in
801 637 963 679 Capitolio
985 637 1184 679 rogationem
1206 648 1274 667 eam

283 686 335 717 Ti.
381 686 592 728 Sempronius,
610 686 757 717 tribunus
774 686 884 728 plebiS‚
900 686 1029 717 ferebat.
1079 688 1158 718 Cum
1171 687 1273 728 priva-

283 736 325 766 tis
349 736 434 766 locus
456 739 536 766 esset
557 735 596 766 de
619 735 687 777 lege
710 735 844 773 dicendi,
860 736 900 766 ad
917 736 1124 773 suadendum,
1140 739 1178 766 ut
1195 736 1226 766 in
1242 746 1275 766 re

284 786 412 816 minime
424 785 532 822 dubia,
543 785 628 815 haud
645 785 811 826 quisquam
826 785 1027 827 procedebat.
1073 786 1156 816 Tum
1170 784 1276 816 Galba

282 838 412 876 repente
429 835 589 876 processit,
605 837 638 865 et
661 846 680 865 a
703 835 840 865 tribunis
864 835 961 876 petiit
984 838 1021 866 ut
1044 835 1195 876 quoniam
1211 835 1273 865 iam

282 884 361 914 hora
375 887 490 915 octava
499 884 561 914 diei
578 887 669 922 esset,
681 895 748 914 eam
760 895 825 914 rem
842 884 874 914 in
891 888 1052 925 posterum
1069 884 1152 914 diem
1169 884 1272 915 differ-

281 937 353 965 rent
377 936 410 964 et
437 944 528 964 mane
551 936 701 975 agerent:
726 933 786 964 sibi
809 934 892 964 enim
916 945 979 964 non
1003 937 1128 976 tempus
1150 945 1214 964 esse
1236 937 1275 965 ut

282 983 515 1014 demonstraret
531 994 586 1013 cur
606 983 642 1014 L.
657 982 814 1013 Aemilius
830 983 1029 1025 triumphare
1044 995 1108 1013 non
1123 983 1272 1014 deberet:

281 1033 406 1075 integro
421 1032 473 1063 die
489 1032 549 1063 sibi
565 1043 645 1074 opus
660 1043 733 1064 esse.
780 1033 860 1062 Cum
877 1032 1024 1063 tribunus
1040 1032 1142 1063 dicere
1157 1044 1194 1063 eo
1210 1032 1272 1070 die,

280 1082 304 1113 si
322 1082 399 1124 quid
424 1081 529 1119 vellet,
546 1081 681 1119 iuberet,
698 1082 730 1112 in
747 1085 872 1113 noctem
889 1093 952 1112 rem
969 1082 1103 1113 dicendo
1119 1083 1271 1114 extraxit.

279 1133 404 1163 Exacta
427 1143 490 1162 esse
513 1132 624 1162 acerbe
648 1142 778 1161 munera
794 1131 945 1162 militiae:
970 1131 1102 1162 nimium
1119 1131 1270 1170 laborem,

279 1182 412 1212 nimium
440 1180 615 1222 periculum
639 1181 837 1211 iniunctum:
862 1184 973 1212 contra
999 1181 1031 1211 in
1056 1181 1213 1222 praemiis,
1237 1182 1269 1212 in

279 1231 453 1262 honoribus
469 1231 576 1261 omnia
591 1233 708 1262 artata.
756 1230 911 1261 Militiam
935 1230 1131 1261 bellantibus
1153 1232 1268 1273 asperi-

278 1293 363 1312 orem
394 1281 456 1311 iam
488 1280 565 1317 fore,
597 1280 771 1310 victoribus
808 1280 944 1322 inopem.
1006 1280 1198 1311 Macedonas
1235 1281 1268 1312 in

278 1330 405 1361 meliore
430 1330 560 1360 fortuna
586 1341 682 1371 quam
707 1329 824 1360 milites
849 1330 1010 1360 Romanos
1033 1342 1107 1361 esse.
1152 1331 1184 1361 Si
1208 1330 1268 1361 fre-

277 1384 409 1422 quentes
434 1383 561 1422 postero
588 1379 639 1409 die
662 1379 703 1409 ad
729 1379 827 1421 legem
853 1380 1084 1421 antiquandam
1112 1379 1267 1418 adessent,

276 1430 493 1461 intellecturos
517 1440 581 1459 esse
606 1432 753 1471 potentes
781 1429 863 1459 viros
888 1440 952 1459 non
977 1430 1084 1460 onmia
1110 1430 1143 1460 in
1167 1429 1266 1468 ducis,

274 1480 396 1522 aliquid
412 1482 445 1511 et
461 1480 493 1510 in
510 1478 648 1510 militum
666 1490 760 1510 manu
776 1490 848 1510 esse.

720 1593 819 1624 XLII

427 1662 486 1693 DE
509 1660 759 1693 PRINCIPUM
780 1661 1111 1694 INDIGNA'I'IONE

320 1728 379 1758 His
396 1726 525 1757 vocibus
549 1726 675 1757 incitati
695 1730 823 1768 postero
840 1727 890 1757 die
907 1726 1023 1757 milites
1038 1729 1132 1758 tanta
1155 1727 1263 1758 multi-

272 1777 385 1808 tudine
415 1775 613 1818 Capitolium
643 1775 892 1818 compleverunt,
920 1779 957 1807 ut
981 1787 1073 1806 nemo
1099 1780 1263 1818 praeterea

272 1827 312 1858 ad
337 1826 521 1867 sull‘ragium
545 1825 708 1856 serendum
732 1824 819 1856 adire
842 1829 958 1868 posset.
1014 1825 1137 1856 Primae
1159 1826 1262 1857 tribus
