1371 2128
121 119 181 149 DE
208 117 345 149 PAULI
370 117 435 147 AD
459 116 644 147 MILITES
669 116 776 147 SUOS
800 117 1035 148 ORATIONE
1080 116 1100 147 7

100 203 223 238 vetuit:
246 203 330 234 dixit
346 203 430 233 enim
444 202 572 244 vigilem
589 213 653 233 non
669 202 702 233 in
719 213 859 245 pugnam
876 203 932 240 ire,
948 206 986 233 ut
1002 202 1099 233 armis

100 256 256 289 uteretur,
286 252 338 283 sed
370 256 407 283 ut
435 252 582 294 vigilaret
613 255 646 283 et
680 263 751 283 cum
783 252 928 284 sensisset
958 252 1100 283 hostium

102 302 274 334 adventum
306 302 460 345 reciperet
494 313 525 332 se
562 302 780 344 excitaretque
814 302 855 333 ad
886 313 975 333 arma
1012 301 1101 332 alios.

101 353 350 394 Stationumque
377 363 496 382 morem
527 352 677 383 mutavit.
723 352 853 383 Armati
879 362 986 382 omnes
1016 351 1100 382 diem

103 406 208 433 totum
226 401 424 444 perstabant.
469 402 584 444 Itaque
602 401 695 433 iussit
717 413 756 432 ex
779 402 941 433 matutina
963 401 1103 432 statione

102 451 143 482 ad
175 451 337 482 meridiem
368 451 528 489 decedere,
560 452 592 482 in
623 451 906 493 postmeridianam
932 451 1011 482 alios
1038 451 1104 485 ire;

99 501 148 532 ita
160 512 323 543 nunquam
343 501 436 532 fessos
453 512 558 532 recens
573 501 674 532 hostis
690 501 822 543 aggredi
836 501 958 544 potuit.

583 602 617 632 X

155 670 214 702 DE
238 670 375 702 PAULI
397 670 458 701 AD
482 669 669 702 MILI'I'ES
692 669 802 702 SUOS
826 669 1053 702 ORATIONE

144 738 234 768 Haec
244 738 292 768 ita
302 737 368 767 fieri
376 748 408 767 se
420 736 498 767 velle
508 739 683 767 convocata
693 737 842 767 contione
852 736 1096 778 pronuntiabat.

100 787 225 818 Deinde
251 787 368 818 milites
395 797 467 817 suos
493 786 642 817 hortatus
667 789 714 817 est
729 799 735 816 :
771 786 907 818 militem
934 786 1011 817 haec
1038 787 1103 818 tria

99 848 210 868 curare
222 837 336 868 debere
350 850 358 873 ;
381 847 496 878 corpus
511 839 549 867 ut
565 835 792 866 validissimum
803 839 836 867 et
848 836 1101 879 pernicissimum

98 886 243 924 haberet,
260 898 349 917 arma
364 889 453 928 apta,
470 886 576 916 cibum
593 889 742 928 paratum
759 885 801 917 ad
822 886 930 917 subita
950 886 1102 929 imperia:

98 940 202 967 cetera
217 935 292 967 deos
309 935 505 966 immortales
521 938 554 966 et
565 935 790 977 imperatorem
807 947 927 968 curare.
974 935 1100 967 Deinde

98 987 280 1017 contionem
306 985 440 1023 dimisit,
468 985 566 1016 etiam
596 985 752 1016 veteranis
783 985 962 1016 fatentibus
989 997 1020 1016 se
1045 985 1102 1016 illo

98 1036 238 1078 primum
263 1035 325 1072 die,
342 1038 508 1076 tamquam
526 1034 656 1071 tirones,
680 1034 758 1076 quid
783 1035 941 1077 agendum
967 1038 1048 1066 esset
1069 1035 1101 1066 in

98 1097 130 1116 re
154 1085 287 1116 militari
308 1084 464 1115 didicisse.
512 1085 585 1115 Non
603 1084 697 1114 modo
713 1084 911 1116 sermonibus
927 1085 976 1116 his
992 1089 1097 1116 osten-

101 1135 219 1166 derunt
246 1146 316 1165 cum
341 1138 465 1176 quanto
487 1145 613 1164 assensu
636 1134 812 1166 audiissent
836 1134 931 1166 verba
954 1135 1101 1167 consulis.

100 1186 201 1216 Nemo
217 1185 296 1216 totis
313 1196 386 1215 mox
401 1185 510 1215 castris
523 1184 651 1226 quietus
663 1187 749 1215 erat:
773 1196 884 1216 acuere
895 1185 949 1216 alii
965 1185 1101 1227 gladios,

96 1234 151 1265 alii
168 1234 284 1276 galeaS,
300 1233 354 1264 alii
373 1234 485 1264 loricas
500 1237 633 1275 tergere,
649 1233 703 1264 alii
727 1237 840 1276 aptare
856 1235 982 1277 corpori
998 1247 1099 1272 arma,

99 1284 300 1327 experirique
316 1284 375 1314 sub
392 1284 440 1314 his
458 1283 671 1314 membrorum
687 1284 880 1326 agilitatem,
896 1288 1028 1327 quatere
1044 1285 1099 1316 alii

97 1335 174 1377 pila,
190 1334 245 1365 alii
263 1334 378 1365 micare
393 1333 509 1375 gladiis
526 1344 772 1376 mucronemque
788 1334 927 1365 intueri:
953 1338 991 1365 ut
1007 1334 1101 1365 facile

100 1384 203 1427 quivis
217 1384 338 1415 videret
354 1395 416 1421 eos,
433 1383 488 1414 ubi
505 1384 643 1425 primum
653 1383 732 1415 data
745 1384 867 1415 occasio
880 1388 960 1416 esset
972 1396 1101 1416 manum

100 1446 171 1465 cum
195 1434 288 1465 hoste
311 1433 506 1471 conserendi,
527 1437 584 1464 aut
608 1434 742 1465 victoria
764 1434 892 1476 egregia
914 1438 973 1466 aut
1000 1438 1104 1466 morte

99 1484 260 1527 praeclara
276 1484 426 1515 finituros
441 1483 573 1516 bellum.

575 1563 627 1594 XI

198 1628 259 1661 DE:
280 1628 437 1661 VARIIS
460 1628 757 1663 ROMANORUM
779 1630 1001 1666 CONSILIIS

142 1695 223 1726 Mox
239 1695 347 1726 consul
363 1696 470 1738 coepit
485 1695 525 1727 de
540 1695 625 1727 bello
639 1696 778 1739 gerendo
794 1699 983 1732 consultare,
1012 1700 1102 1731 Vole-

98 1745 178 1777 bant
193 1745 336 1787 quidam,
352 1749 385 1777 et
402 1746 538 1777 maxime
554 1746 690 1778 minores
700 1751 789 1786 natu,
803 1759 859 1790 per
872 1749 987 1792 Enipei
1000 1750 1101 1792 ripam

100 1796 356 1838 munitionesque
372 1796 528 1838 impetum
546 1796 668 1829 facere:
694 1798 888 1830 Macedones
913 1800 998 1830 enim
1021 1799 1100 1832 dice-
