1371 2128
355 137 417 168 DE
442 137 600 168 PERSEI
625 135 762 167 SOCIIS
1061 132 1081 162 5

79 219 339 262 prosequentium
369 219 465 250 turba
490 218 599 249 consul
626 217 804 249 celebratus
830 220 890 253 est,
914 227 950 247 ac
981 227 1082 258 prope

79 272 167 300 certa
191 280 246 311 spe
268 268 441 300 credebant
462 269 606 300 homines
627 269 721 299 finem
748 267 856 298 adesse
880 265 1080 297 Macedonici

80 318 167 350 belli.

552 386 611 417 VII

376 454 436 486 DE
458 454 620 486 PERSEI
642 453 783 486 socns

123 521 251 551 Perseus
279 521 400 551 interea
424 521 580 551 sociorum
611 520 767 551 auxilium
792 518 978 561 quaerebat.
1025 516 1080 548 Ad

79 571 253 601 Eumenem
271 571 410 613 primum
423 571 509 601 misit
521 571 654 612 legatOS,
666 570 898 611 admonuitque
914 579 1080 599 commune

78 631 187 661 regum
219 620 395 662 periculum
427 631 502 652 esse.
558 620 618 650 Sed
650 623 743 651 tanta
773 619 910 649 avaritia
943 621 1012 648 erat
1043 620 1080 648 ut

79 670 246 711 pecuniam
264 669 306 700 ab
324 671 466 700 Eumene
482 669 678 712 postulatam
696 669 833 711 pendere
849 668 1000 700 noluerit.

121 719 290 750 Gallorum
314 720 411 750 etiam
428 720 540 761 ingens
560 719 715 750 auxilium
733 730 789 761 per
804 719 887 760 regis
909 717 1078 748 avaritiam

76 768 239 800 dimissum
266 773 324 801 est.
373 769 551 800 Veniebant
577 769 683 800 decem
716 769 805 800 milia
838 768 995 810 equitum,
1021 778 1080 810 par

75 830 224 850 numerus
248 819 405 861 peditum.
452 819 616 851 Abierunt
639 823 746 851 autem
767 819 853 856 irati,
870 830 941 849 cum
967 818 1080 848 Persea

75 869 298 910 cognovissent
325 869 512 911 promissam
548 869 723 900 mercedem
755 880 819 900 non
850 868 962 900 statim
994 867 1078 899 dare.

77 920 243 956 Gentium,
261 919 390 961 Illyriae
406 931 522 961 regem,
539 919 666 962 turpius
687 919 842 962 prodidit.
889 919 970 949 Cum
993 917 1078 948 enim

76 969 281 1008 persuasisset
308 972 345 1000 ut
377 970 531 1000 Romanis
561 969 681 1000 bellum
713 969 878 1006 indiceret,
908 967 1081 999 revocabat

76 1032 127 1051 eos
151 1021 206 1062 qui
224 1025 367 1052 trecenta
387 1021 512 1052 talenta
532 1021 573 1052 ad
592 1032 664 1052 eum
689 1020 876 1063 portabant.
923 1019 1079 1051 Gentium

76 1072 168 1103 facile
191 1073 310 1104 devicit
327 1073 461 1104 Anicius
485 1076 624 1116 praetor,
641 1073 726 1104 bello
744 1073 830 1104 intra
853 1072 991 1113 triginta
1013 1071 1080 1102 dies

77 1122 232 1154 confecto.

122 1174 207 1204 Dum
233 1173 310 1204 haec
335 1177 477 1216 aguntur
505 1175 634 1204 Perseus
659 1173 691 1204 in
719 1184 837 1215 magno
862 1175 984 1203 terrore
1010 1174 1079 1202 erat

77 1226 211 1265 propter
233 1223 407 1254 adventum
432 1223 524 1254 simul
550 1223 682 1254 Aemilii
710 1223 783 1254 novi
809 1222 957 1259 consulis,
985 1221 1078 1252 simul

77 1272 203 1303 Octavii
228 1274 395 1315 praetoris.
452 1274 533 1304 Erat
556 1272 800 1304 Thessalonicae
830 1283 964 1315 parvum
989 1283 1079 1314 prae-

76 1321 202 1353 sidium.
259 1323 308 1353 Eo
345 1323 488 1354 subsidia
525 1323 623 1361 misit,
654 1326 687 1354 et
718 1322 804 1353 mille
834 1322 958 1364 equites
988 1332 1077 1352 oram

77 1372 271 1403 maritimam
297 1373 399 1403 tutari
424 1373 525 1404 iussit.
573 1373 722 1414 Quinque
747 1372 836 1403 milia
862 1371 1077 1402 Macedonum

75 1422 169 1453 missa
185 1426 221 1453 ut
238 1422 348 1464 Pythii
367 1424 543 1464 Petraeque
556 1422 748 1465 praesidium
765 1425 879 1453 essent.
927 1421 988 1452 His
1005 1432 1077 1463 pro-

76 1471 166 1503 fectis
187 1472 289 1514 ripam
315 1473 438 1503 munire
463 1473 580 1515 Enipei
602 1472 742 1503 fluminis
768 1472 899 1514 incepit,
921 1472 997 1513 quia
1024 1482 1080 1512 per

75 1521 190 1552 siccum
207 1521 330 1552 alveum
348 1522 475 1553 transiri
493 1525 633 1564 poterat.

540 1641 619 1673 VIII

245 1708 305 1740 DE
327 1708 452 1749 AQUA
473 1708 504 1740 A
527 1708 672 1741 PAULO
695 1708 900 1740 INVENTA

118 1774 280 1816 Principio
306 1775 386 1805 veris
411 1774 529 1805 Paulus
557 1775 589 1805 in
615 1775 812 1817 provinciam
842 1778 980 1806 venerat.
1037 1776 1076 1806 In

73 1826 177 1855 castra
213 1824 365 1856 advectus
411 1836 475 1856 rem
515 1824 734 1856 difficillimam
776 1824 836 1856 sibi
877 1825 1077 1868 propositam
