1371 2128
273 151 314 183 26
559 151 782 183 AEMILIUS
806 152 984 183 PAULUS

273 236 373 268 iussit.
420 237 472 267 Ita
488 247 544 278 per
560 237 725 267 Graeciam
742 237 854 267 itinere
871 237 967 275 facto,
982 240 1150 279 postquam
1163 236 1268 267 audiit

273 285 429 317 traiecisse
465 286 527 316 iam
565 285 671 316 decem
705 285 839 327 legatOS,
870 286 1017 318 omnibus
1046 286 1117 317 aliis
1148 286 1269 317 omissis

273 335 483 377 Apolloniam
499 335 540 366 ad
556 347 608 366 eos
621 335 783 378 profectus
798 339 856 368 est.

675 449 865 479 XXXVIII

374 522 434 554 DE:
456 522 602 554 PAULO
624 522 916 555 AMPHIPOLIM
938 522 1168 555 REGRESSO

318 589 387 625 Quo
414 599 483 618 cum
512 588 640 618 Perseus
664 587 757 617 nimis
783 587 888 619 soluta
909 587 1053 618 custodia
1076 587 1267 629 Amphipoli

274 637 400 667 obviam
418 637 628 678 processisset,
648 637 750 678 ipsum
775 637 910 678 benigne
932 637 1089 668 allocutus
1105 640 1162 668 est.
1209 636 1269 667 Sed

275 689 445 728 postquam
477 686 702 728 Amphipolim
727 687 824 724 venit,
847 687 987 728 graviter
1018 687 1177 728 increpuit
1200 686 1269 716 Sul-

275 736 392 777 picium
409 735 561 777 legatum,
579 736 717 777 primum
741 736 828 777 quod
852 737 966 766 Persea
987 739 1055 766 tam
1079 734 1189 777 procul
1205 747 1225 766 a
1240 746 1271 765 se

276 785 381 826 vagari
403 796 459 827 per
486 785 681 827 provinciam
707 796 815 827 passus
838 789 928 823 esset,
949 785 1063 816 deinde
1087 785 1173 826 quod
1193 784 1272 815 adeo

275 834 456 866 indulsisset
483 834 642 866 militibus
670 837 708 865 ut
735 834 822 865 urbis
847 834 964 876 tegulis
987 834 1194 865 hibernacula
1215 845 1272 864 sua

275 887 381 926 tegere
398 888 572 926 pateretur.
620 884 743 915 Referri
767 884 892 926 tegulas
916 888 949 916 et
972 884 1055 915 refici
1080 887 1175 922 tecta,
1192 884 1274 915 sicut

276 934 413 971 fuerant,
438 934 539 965 iussit.
585 934 699 964 Persea
722 945 792 964 cum
821 934 938 965 maiore
966 934 1032 964 filio
1053 933 1204 976 Philippo
1228 934 1271 964 A.

277 983 443 1014 Postumio
459 983 608 1014 tradidit.

320 1034 436 1064 Omnes
447 1033 629 1064 civitatium
643 1032 800 1075 principes
812 1032 1003 1075 Amphipoli
1015 1032 1121 1063 adesse
1130 1032 1273 1070 iusserat,

277 1082 464 1124 litterasque
488 1094 595 1113 omnes
620 1082 721 1124 regias
751 1086 784 1113 et
812 1082 975 1124 pecuniam
1007 1082 1150 1113 conferri.
1207 1082 1274 1113 Ubi

277 1132 344 1163 dies
371 1132 469 1170 venit,
493 1132 560 1173 ipse
587 1143 657 1162 cum
688 1132 793 1162 decem
822 1131 945 1173 legatia
970 1132 1158 1162 circumfusa
1188 1132 1274 1162 omni

279 1181 488 1213 multitudine
513 1181 737 1217 Macedonum,
763 1182 795 1211 in
820 1181 974 1212 tribunali
1002 1181 1093 1212 sedit.
1140 1181 1274 1212 Silentio

279 1232 365 1262 facto
400 1231 517 1262 Paulus
548 1242 629 1272 quae
660 1231 782 1261 senatui
814 1231 878 1261 visa
908 1234 1010 1261 essent
1040 1231 1272 1273 pronuntiavit.

280 1281 392 1312 Iubere
408 1284 553 1311 senatum
571 1280 685 1311 liberos
701 1292 808 1311 omnes
824 1292 887 1310 esse
900 1280 1104 1317 Macedonas,
1121 1280 1274 1311 habentes

281 1331 373 1361 urbes
403 1330 526 1361 easdem
558 1341 723 1371 agrosque,
750 1333 875 1361 utentes
902 1329 1024 1371 legibus
1054 1330 1126 1367 suis,
1154 1341 1275 1360 annuos

279 1384 420 1410 creantes
446 1380 672 1421 magistratum
696 1379 811 1410 tributi
839 1379 915 1416 eius,
942 1379 1028 1420 quod
1052 1379 1275 1421 pependissent

279 1430 416 1471 regibus,
433 1429 601 1460 dimidium
619 1429 754 1470 pendere
770 1428 891 1471 populo
908 1430 1063 1460 Romano.
1110 1429 1233 1460 Deinde
1243 1429 1276 1460 in

280 1483 435 1521 quattuor
451 1479 593 1521 regiones
609 1478 707 1509 dividi
725 1478 957 1509 Macedoniam.

695 1585 859 1615 XXXIX

435 1652 494 1684 DE
517 1652 686 1684 SPOLIIS
709 1651 877 1684 ROMAM
899 1651 1118 1684 REVEc‘rIs

326 1719 404 1748 Post
433 1717 527 1747 serias
554 1728 600 1747 res
632 1716 723 1747 ludos
754 1728 870 1758 magno
901 1720 1060 1758 apparatu
1085 1716 1277 1759 Amphipoli

282 1767 371 1799 fecit.
417 1766 541 1798 Deinde
565 1766 673 1808 clipeis
696 1766 793 1797 aereis
816 1767 850 1797 in
873 1777 966 1797 naves
990 1766 1157 1808 impositis,
1174 1770 1279 1797 cetera

288 1817 389 1848 omnis
412 1817 534 1859 generis
556 1827 645 1847 arma
667 1815 841 1854 cumulata,
857 1815 1018 1857 ingentem
1041 1826 1196 1854 acervum,
1212 1816 1278 1858 ipse
