1371 2128
242 157 285 187 20
531 158 751 189 AEMILIUS
775 158 954 189 PAULUS

246 241 388 272 recitatis
400 241 526 272 tabellis
542 242 765 284 pronuntiavit
780 242 889 273 consul
905 243 942 273 L.
960 242 1133 274 Aemilium
1146 242 1239 274 colle-

246 303 318 331 gam
343 303 433 322 suum
450 292 547 333 signis
568 291 693 323 collatis
716 303 785 322 cum
810 304 882 334 rege
898 293 1010 323 Perseo
1033 293 1240 335 pugnavisse3

247 340 457 371 Macedonum
486 342 658 372 exercitum
680 353 802 372 caesum
828 343 1017 383 fusumque;
1041 353 1145 383 regem
1169 353 1239 372 cum

245 391 354 432 paucis
385 390 519 432 fugisse;
557 402 665 421 omnes
701 391 909 422 Macedoniae
940 392 1085 422 civitates
1120 391 1239 434 populo

248 441 393 470 Romano
409 440 534 471 deditas
546 452 620 472 esse.

678 557 805 587 XXIX

439 624 499 655 DE
522 623 814 657 ROMANORUM
835 624 1048 656 LAETI'I'IA

289 687 351 717 His
366 686 485 717 auditis
500 685 619 717 clamor
637 697 706 716 cum
729 687 851 728 ingenti
869 686 980 728 plausu
996 690 1094 718 ortus.
1140 686 1240 718 Ludis

245 735 363 766 relictis
390 747 506 776 magna
533 747 605 778 pars
629 735 795 766 hominum
822 736 862 766 ad
887 736 1035 777 coniuges
1062 735 1240 778 liberosque

245 785 364 816 laetum
395 785 545 816 nuntium
574 784 758 827 portabant.
819 786 950 817 Postero
976 785 1028 816 die
1053 788 1180 816 senatus
1204 786 1237 816 in

248 835 336 866 curia
356 834 487 865 habitus
502 838 559 866 est.
606 835 860 877 Supplicationes
881 835 1034 872 decretae,
1050 838 1240 877 senatusque

246 884 424 915 consultum
435 884 554 914 factum
566 887 624 921 est,
637 887 674 914 ut
690 884 728 914 de
742 884 897 915 militibus
909 884 1061 926 sociisque
1073 884 1238 915 navalibus

246 932 447 964 dimittendis
467 933 647 971 referretur,
672 944 741 964 cum
762 933 859 975 legati
882 933 923 964 ab
939 933 1078 964 Aemilio
1101 934 1238 972 consule,

245 994 264 1013 a
280 982 395 1024 quibus
418 982 605 1024 praemissus
627 982 812 1013 tabellarius
833 986 922 1020 esset,
939 983 1104 1015 venissent.
1150 984 1239 1014 Ante

245 1033 329 1063 diem
354 1035 478 1063 sextum
507 1031 666 1062 Kalendas
693 1031 848 1063 Octobres
878 1032 957 1063 hora
980 1032 1077 1063 ferme
1102 1032 1239 1063 secunda

245 1082 342 1123 legati
360 1081 469 1112 urbem
486 1082 615 1123 ingressi
629 1085 703 1112 sunt
716 1095 723 1117 3
739 1082 898 1123 ingentem
912 1093 1025 1120 secum,
1038 1093 1238 1124 quocumque

244 1131 346 1169 ibant,
365 1131 528 1162 trahentes
551 1131 678 1162 turbam
703 1131 735 1161 iu
758 1131 860 1161 forum
884 1131 925 1162 ad
947 1132 1065 1161 curiam
1090 1142 1237 1173 pervene-

245 1183 330 1211 runt.
377 1182 511 1211 Senatus
539 1181 621 1211 forte
645 1181 677 1211 in
702 1180 790 1211 curia
813 1184 901 1216 erat;
924 1191 960 1211 eo
984 1180 1106 1222 legatos
1128 1181 1237 1212 consul

244 1229 381 1261 induxit.
429 1230 477 1260 Ibi
495 1229 633 1261 breviter
647 1230 808 1272 expositis,
820 1241 900 1272 quae
916 1229 1112 1268 accidissent,
1128 1230 1235 1261 eadem

247 1291 319 1310 mox
335 1280 367 1310 in
386 1280 565 1310 contionem
583 1279 722 1310 traducti
738 1283 961 1321 exposuerunt.
1007 1280 1174 1311 Renovata
1189 1283 1237 1311 est

244 1329 369 1360 laetitia
384 1341 454 1360 cum
471 1329 577 1360 consul
595 1329 743 1360 edixisset
755 1332 791 1360 ut
803 1340 909 1359 omnes
919 1340 1023 1360 sacrae
1033 1329 1124 1360 aedes
1133 1330 1235 1372 aperi-

243 1382 364 1410 rentur.
410 1380 493 1409 Tum
526 1390 583 1421 pro
610 1390 641 1409 se
668 1379 802 1420 quisque
826 1390 842 1409 e
866 1379 1014 1409 contione
1038 1379 1083 1409 ire
1107 1382 1145 1410 ut
1169 1378 1236 1410 deis

242 1428 363 1470 gratias
385 1432 536 1470 agerent;
560 1429 746 1470 ingentique
769 1428 865 1459 turba
888 1439 951 1458 non
979 1428 1074 1459 modo
1097 1429 1234 1459 virorum

244 1478 297 1508 sed
324 1478 421 1509 etiam
453 1478 639 1509 feminarum
672 1478 814 1509 conferta
845 1477 974 1508 deorum
1007 1478 1235 1509 immortalium

244 1528 373 1570 templa.

684 1602 793 1633 XXX

272 1671 331 1702 DE
354 1669 559 1702 LITTERIS
581 1669 742 1701 PERSEI
763 1669 825 1701 AD
847 1669 1036 1702 PAULUM
1058 1669 1208 1702 MISSIS

288 1737 373 1767 Dum
397 1735 505 1766 consul
522 1734 679 1765 Aemilius
700 1739 804 1766 castra
825 1735 866 1766 ad
883 1735 1107 1777 Amphipolim
1123 1735 1233 1772 habet,

241 1785 367 1816 litterae
386 1784 428 1815 ab
449 1795 520 1825 rege
541 1785 654 1815 Perseo
678 1795 733 1826 per
756 1783 912 1826 ignobiles
930 1788 994 1816 tres
1017 1784 1140 1826 legatos
1164 1784 1233 1815 red-

243 1834 330 1865 ditae
359 1834 387 1864 ei
419 1837 514 1869 sunt;
538 1845 616 1875 quas
646 1845 716 1864 cum
741 1837 881 1865 cerneret
907 1834 974 1875 ipse
1001 1833 1234 1864 illacrimavisse
