1371 2128
222 126 282 157 DE
307 127 522 158 VICTORIA
547 127 709 158 ROMAE
734 127 972 158 NUNTIATO
1064 127 1104 160 19

149 211 219 252 Ipse
235 222 254 242 a
272 211 382 253 Pydna
400 212 561 254 profectus
576 224 647 243 cum
672 215 744 243 toto
763 212 905 244 exercitu
928 212 980 244 (lie
1002 213 1104 244 altero

105 260 223 292 Pellam
257 262 424 304 pervcnit;
462 265 495 293 et
526 274 595 293 cum
627 265 731 293 castra
771 262 857 293 mille
891 274 999 304 passus
1030 263 1103 293 inde

104 311 270 353 posuisset,
303 323 357 353 per
391 311 516 353 aliquot
544 312 609 343 dies
637 312 681 342 ibi
707 312 826 343 stativa
853 312 978 349 habuit,
1005 313 1101 344 situm

104 361 190 391 urbis
214 361 355 402 undique
378 362 543 403 aspiciens,
561 373 655 403 quam
674 373 736 392 non
753 362 819 392 sine
837 373 931 393 causa
946 362 1100 394 delectam

102 422 166 441 esse
190 411 308 451 regiam
325 411 562 442 animadvertit.
609 412 679 443 Sita
694 415 742 443 est
758 412 791 442 in
808 411 934 442 tumulo
952 416 1101 454 vergente

102 461 133 491 iu
146 461 352 492 occidemvm.
400 462 544 503 (fingunt
561 462 691 504 paludes
707 462 969 504 inexsuperabilis
988 462 1100 493 altitu-

101 510 193 547 dinis,
210 515 332 542 aestate
347 515 381 542 et
396 511 509 548 hieme,
526 523 604 553 quas
619 515 838 553 restagnantes
850 512 973 543 faciunt
983 523 1100 543 amnes,

101 561 138 591 Iu
171 561 238 603 ipsa
269 561 396 603 palude,
427 573 491 603 qua
522 562 668 604 proxima
698 561 769 592 urbi
797 565 855 600 est,
883 561 971 592 velut
998 561 1102 592 insula

102 611 221 641 eminet
237 622 302 641 arx.
337 611 381 641 Et
391 623 469 652 gaza
479 611 566 653 regia
578 612 610 642 in
621 622 658 642 eo
671 611 740 642 loco
750 614 840 647 erat;
864 611 916 642 sed
933 611 1013 642 nihil
1031 615 1101 642 tum

101 664 227 703 praeter
238 664 381 692 trecenta
397 660 530 698 talenta,
548 673 629 703 quae
646 662 739 692 missa
754 662 875 692 Gentio
890 662 968 703 regi,
985 661 1101 692 deinde

100 714 227 741 retenta
250 714 353 747 erant,
381 711 545 741 inventum
573 715 631 742 est.
678 711 802 742 Nuntio
827 714 959 753 accepto
987 712 1100 742 Persea

100 760 340 791 Samothracam
352 760 520 797 traiecisse,
535 761 696 802 profectus
707 773 726 791 a
740 760 827 791 Pella
839 760 946 791 consul
962 761 1098 803 Amphi-

99 810 197 853 polim
215 811 370 852 pervenit.
419 811 466 842 lbi
485 815 601 853 quarta
617 815 720 842 castra
738 811 853 853 posuit.

526 943 677 973 XXVIII

228 1009 288 1040 DE
310 1009 525 1041 VICTORIA
548 1009 707 1042 ROMAE:
730 1009 962 1043 NUNTIATO

142 1079 300 1110 Victoriae
311 1078 415 1108 nuntii
430 1089 553 1108 summa
569 1077 774 1108 festinatione
791 1078 927 1108 Romam
945 1088 1015 1108 cum
1028 1089 1098 1120 per-

98 1129 266 1166 venissent,
284 1132 487 1170 praeceptum
513 1131 620 1158 tamen
645 1127 711 1157 eius
734 1127 777 1158 rei
801 1127 955 1169 gaudium
972 1127 1097 1158 invene-

97 1182 182 1210 runt.
229 1181 352 1216 Quarto
374 1181 445 1220 post
468 1177 519 1208 dic
541 1188 637 1219 quam
654 1188 724 1207 cum
741 1188 813 1219 rege
834 1180 882 1207 est
905 1181 1097 1219 pugnatum,

97 1239 167 1259 cum
192 1228 224 1258 in
248 1228 331 1258 circo
354 1227 421 1258 ludi
446 1228 569 1263 fierent,
586 1238 728 1257 murmur
748 1230 879 1269 repente
896 1227 1007 1269 populi
1024 1231 1098 1258 tota

96 1278 277 1321 spectacula
293 1278 444 1320 pervasit,
461 1280 641 1319 pugnatum
666 1277 699 1307 iu
723 1276 915 1307 Macedonia
938 1280 971 1307 et
994 1276 1095 1308 devic-

96 1332 166 1360 tum
197 1339 302 1369 regem
334 1339 418 1362 esse;
457 1327 572 1358 deinde
602 1327 748 1357 fremitus
779 1326 897 1364 crevit3
935 1330 1097 1369 postremo

95 1378 215 1409 clamor
230 1378 434 1420 plaususque,
452 1377 539 1408 velut
561 1380 649 1407 certo
673 1376 789 1407 nuntio
805 1376 957 1407 victoriae
973 1376 1095 1421 adlato,

95 1431 143 1460 est
168 1431 266 1459 ortus.
314 1427 427 1458 Mirari
455 1427 662 1469 magistratus
693 1429 726 1457 et
756 1437 906 1468 quaerere
931 1430 1095 1458 auctorem

95 1478 280 1521 repentinae
311 1477 464 1509 laetitiae.
515 1478 690 1518 Postquam
722 1476 828 1507 nullus
858 1476 1006 1508 inventus
1037 1480 1096 1514 est,

94 1541 186 1560 omen
203 1532 311 1560 tamen
328 1528 448 1559 laetum
465 1527 559 1557 fuisse
572 1526 751 1557 videbatur.

139 1578 303 1610 Ludorum
321 1580 541 1609 Romanorum
558 1576 695 1607 secundo
710 1576 772 1613 die,
789 1577 825 1607 C.
838 1576 962 1607 Licinio
973 1576 1094 1608 consuli

94 1629 265 1671 quadrigas
292 1628 435 1659 mittenti
461 1626 658 1664 tabellarius,
689 1626 744 1668 qui
771 1637 803 1657 se
833 1637 872 1657 ex
902 1626 1094 1658 Macedonia

94 1679 197 1710 venire
227 1679 365 1717 dicebat,
397 1678 556 1708 laureatas
587 1676 712 1707 litteras
741 1675 867 1707 attulit.
922 1675 1093 1718 Quadrigis

95 1729 194 1760 missis
216 1729 324 1760 consul
348 1739 474 1760 cun-um
497 1725 691 1763 conscendit,
714 1728 747 1756 et
770 1736 827 1767 per
850 1725 967 1756 circum
984 1729 1092 1757 vectus

92 1777 249 1809 laureatas
266 1778 389 1809 litteras
402 1776 523 1819 populo
539 1775 690 1807 ostendit.
736 1773 858 1812 Quibus
871 1774 944 1805 visis
960 1778 1091 1817 repente

91 1827 255 1859 immemor
267 1826 439 1870 spectaculi
457 1825 593 1869 populus
609 1825 642 1855 in
653 1823 792 1855 medium
808 1823 957 1855 decurrit.
1004 1826 1089 1856 Tum
