1371 2128
251 143 290 173 12
535 144 757 175 AEMILIUS
781 144 959 175 PAULUS

247 226 487 269 sequendusque
502 227 640 258 maximo
658 227 764 258 labore
780 231 812 258 et
833 227 973 270 periculo
989 227 1040 265 sit,
1057 226 1243 268 illaesusque

246 276 361 307 iterum
384 288 441 318 per
463 277 561 308 saltus
584 277 863 308 Macedonicorum
886 278 1043 309 montium
1059 277 1240 308 circumeat.

248 326 286 355 Se
301 326 403 367 igitur
419 338 610 368 magnopere
625 327 755 358 suadere
773 330 810 358 ut
832 327 909 358 dum
933 327 965 358 in
988 338 1100 369 campo
1115 326 1241 369 patenti

246 374 369 406 hostem
385 375 504 406 habeat
523 376 739 417 aggrediatur,
755 387 812 407 nec
828 376 970 407 oblatam
987 376 1137 407 victoriae
1152 387 1239 407 occa-

245 424 364 454 sionem
380 425 521 456 amittat.

289 474 405 504 Consul
422 485 485 505 non
502 474 602 505 iratus
618 474 718 505 libera
733 474 951 506 admonitione
974 478 1040 505 tam
1064 474 1138 505 clari
1163 474 1238 505 ado-

244 522 398 561 lescentis,
430 524 507 554 “Et
537 525 626 565 eg0,”
655 525 772 566 inquit,
803 525 973 555 “animum
1002 524 1099 554 istum
1129 523 1239 561 habui,

246 573 370 609 Nasica,
386 584 479 614 quem
495 577 531 604 tu
548 585 631 604 nunc
646 573 741 604 habes
756 587 763 609 ;
786 577 819 605 et
835 586 927 615 quem
944 585 1003 615 ego
1019 585 1102 604 nune
1125 573 1237 609 habeo,

244 625 281 652 tu
305 622 446 654 habebis.
493 623 607 653 Multis
631 623 704 654 belli
730 624 851 654 casibus
874 624 981 661 didici,
1006 623 1135 664 quando
1158 634 1237 665 pug-

243 673 395 711 nandum,
423 674 551 715 quando
576 675 801 706 abstinendum
833 686 941 716 pugna
971 675 1023 707 sit.
1071 675 1142 705 Non
1173 675 1235 704 iam

242 724 342 754 stanti
359 723 391 754 in
408 724 474 754 acie
490 724 666 754 docendum
690 728 738 755 est
762 736 817 755 cur
840 725 995 766 quiescere
1016 724 1110 754 hodie
1127 723 1237 754 melius

242 772 294 803 sit.
341 773 494 804 Rationes
519 773 596 804 alias
622 774 763 815 poscito:
796 785 879 805 nune
906 774 1100 804 auctoritate
1124 773 1237 804 veteris

241 821 442 863 imperatoris
458 825 627 854 contentus
643 823 732 855 eris.”

681 938 797 968 XVIII

466 1004 526 1036 DE
548 1004 701 1036 LUNAE
723 1005 1005 1038 DEFEGTIONE

282 1070 399 1101 Paulus
415 1074 584 1112 postquam
602 1074 722 1101 metata
735 1074 837 1102 castra
853 1072 1144 1114 impedimentaque
1160 1083 1233 1103 con-

238 1121 356 1152 stituta
378 1120 616 1157 animadvertit,
633 1120 793 1151 stantibus
817 1121 848 1151 in
872 1122 975 1162 prima
997 1122 1063 1152 acie
1086 1122 1232 1159 hastatis,

238 1181 276 1200 ne
292 1169 369 1211 quid
386 1170 486 1201 hostis
504 1173 652 1206 moveret,
668 1169 824 1211 paulatim
841 1170 978 1201 abduxit
992 1182 1075 1203 suos.
1121 1173 1234 1202 Castra

238 1219 299 1249 iam
318 1219 400 1250 vallo
415 1222 448 1250 et
465 1219 547 1249 fossa
564 1220 688 1250 munita
703 1223 805 1257 erant,
816 1231 886 1250 cum
903 1219 1047 1251 hastatos
1063 1223 1096 1251 et
1111 1221 1233 1262 equites

238 1269 407 1300 revocavit.
455 1268 576 1306 Quibus
602 1269 694 1299 factis
718 1280 772 1299 rex
797 1272 830 1299 et
857 1270 922 1311 ipse
949 1270 981 1300 in
1000 1274 1103 1301 castra
1126 1270 1232 1312 copias

239 1318 376 1349 reduxit.

280 1368 399 1399 Castris
416 1368 547 1399 munitis
564 1368 603 1399 G.
622 1368 778 1410 Sulpicius
796 1368 910 1406 Galba,
927 1368 1074 1399 tribunus
1091 1369 1228 1400 militum

237 1417 391 1448 secundae
418 1417 561 1458 legioniS,
587 1418 641 1459 qui
670 1421 799 1460 praetor
825 1418 983 1460 superiore
1009 1430 1093 1449 anno
1116 1419 1231 1456 fuerat,

236 1467 372 1498 consulis
388 1467 540 1509 permissu
563 1467 603 1497 ad
628 1468 808 1497 contionem
833 1467 948 1498 milites
972 1469 1106 1499 vocavit.
1153 1469 1229 1499 Pro-

236 1517 408 1554 nuntiavit,
433 1528 472 1547 ne
501 1517 572 1558 quis
596 1516 628 1547 id
659 1520 844 1559 portentum
869 1528 933 1547 esse
960 1517 1109 1554 crederet,
1137 1521 1230 1549 nocte

235 1565 391 1607 proxima,
418 1565 459 1596 ab
489 1565 568 1596 hora
593 1565 730 1596 secunda
754 1577 852 1607 usque
876 1565 916 1596 ad
944 1570 1089 1607 quartam
1118 1567 1227 1597 horam

234 1616 336 1646 noctis
360 1615 468 1646 lunam
485 1615 678 1646 defecturam
697 1626 770 1647 esse.
817 1615 853 1646 Id
870 1615 946 1657 quia
961 1615 1100 1646 naturali
1117 1616 1228 1646 ordine

233 1668 266 1695 et
282 1665 374 1696 certis
390 1665 587 1707 temporibus
600 1665 698 1702 fieret,
709 1667 741 1695 et
757 1665 827 1695 sciri
838 1668 912 1695 ante
929 1668 961 1696 et
977 1665 1115 1706 praedici
1128 1676 1226 1707 posse.

233 1714 333 1744 Edita
363 1714 442 1745 hora
471 1725 541 1744 cum
573 1714 648 1744 luna
678 1714 850 1752 defecisset,
882 1714 1035 1744 Romanis
1071 1714 1227 1745 militibus

233 1763 356 1793 Galbae
379 1763 535 1805 sapientia
558 1774 657 1805 prope
680 1763 788 1794 divina
805 1763 870 1794 visa
890 1767 957 1798 est;
981 1763 1173 1794 Macedonas
1189 1766 1226 1794 ut

232 1813 324 1844 triste
351 1812 542 1855 prodigium,
570 1824 713 1843 occasum
739 1813 826 1854 regui
857 1813 1090 1854 perniciemque
1119 1813 1224 1854 gentis
