1371 2128
304 115 366 146 DE
390 115 546 147 REGNO
570 115 605 146 M
610 113 870 147 ACEDONICO
1046 116 1088 147 23

132 200 277 230 Surrexit
308 199 427 237 consul,
458 203 492 231 et
523 200 612 231 iussis
643 200 749 232 sedere
786 199 868 238 aliis,
906 211 1088 243 progressus

90 248 220 291 paulum
244 250 309 291 regi
333 249 478 281 dextram
504 250 654 293 porrexit.
704 250 874 281 Iacientem
891 261 922 281 se
937 250 979 281 ad
995 250 1090 292 pedes

90 298 239 334 sustulit;
263 310 319 330 nec
346 300 506 341 attingere
532 311 637 341 genua
663 311 782 342 passus,
810 300 1031 332 introductum
1057 300 1090 331 in

91 347 330 379 tabernaculum
370 348 476 380 sedere
514 349 613 381 iussit.
670 350 812 380 Primum
851 350 988 392 rogavit,
1027 360 1092 391 qua

91 397 208 429 iniuria
231 401 322 429 actus
347 401 459 429 contra
486 398 641 441 populum
668 400 849 430 Romanum
875 399 994 430 bellum
1025 410 1090 430 sus-

91 447 234 490 cepisset.
267 449 347 479 Cum
365 460 547 490 responsum
559 449 803 491 expectantibus
814 448 961 480 omnibus
974 453 1091 480 terram

94 497 220 528 intuens
251 497 306 528 diu
331 498 450 529 tacitus
476 497 575 535 fleret,
600 510 707 529 rursus
731 498 850 536 consul,
878 499 940 529 “Si
971 498 1093 529 iuvenis

94 558 226 588 regnum
251 548 431 590 accepisses
458 549 562 579 miuus
589 548 722 579 miratus
741 560 836 579 essem
865 549 1024 590 ignorasse
1049 551 1093 585 te,

94 607 189 638 quam
217 597 322 638 gravis
353 601 411 628 aut
440 598 560 628 amicus
586 602 644 629 aut
669 598 814 629 inimicus
845 601 925 629 esset
955 598 1095 640 populus

96 647 276 677 Romanus:
316 647 370 678 sed
404 651 437 679 et
468 647 554 685 belli,
585 648 671 690 quod
703 652 795 690 pater
825 651 899 679 tuus
929 648 1094 680 nobiscum

94 696 202 738 gessit,
234 697 417 735 meministi,
456 701 488 728 et
524 698 621 740 pacis,
651 709 746 740 quam
779 709 850 729 cum
882 709 1005 729 summa
1034 698 1096 729 fide

94 745 242 777 adversus
271 758 343 777 eum
375 747 536 779 coluimus.
585 749 636 778 Tu
667 751 775 779 tamen
802 748 921 779 bonum
953 748 1095 779 animum

96 795 190 827 habe.
237 796 416 827 Clementia
438 797 549 839 populi
566 798 715 835 Romani,
732 797 906 829 multorum
930 809 1040 840 regum
1064 800 1097 829 et

96 844 288 887 populorum
315 846 439 878 casibus
466 847 608 889 cognita,
638 859 739 890 prope
770 851 890 879 certam
920 859 1008 890 spem
1034 847 1096 879 tibi

97 895 209 928 salutis
226 895 388 938 praebet.“'

525 965 681 995 XXXIV

325 1031 385 1063 DE
408 1031 559 1064 REGNO
582 1032 877 1065 MAGEDONIGO

144 1098 313 1129 Exercitus
325 1098 440 1129 deinde
457 1098 489 1129 in
502 1098 636 1129 hiberna
647 1098 809 1129 dismissus
819 1101 876 1130 est.
924 1099 1099 1129 Maximam

101 1152 224 1190 partem
242 1149 404 1190 copiarum
423 1148 641 1191 Amphipolis,
658 1152 777 1179 ceteras
793 1148 992 1191 propinquae
1008 1148 1101 1179 urbes

100 1202 299 1239 acceperunt.

147 1248 210 1278 Hic
227 1247 297 1278 finis
314 1247 388 1278 belli
405 1247 490 1279 inter
506 1249 667 1278 Romanos
683 1251 716 1279 et
740 1249 851 1278 Persea
866 1248 940 1284 fuit,
956 1247 1103 1289 idemque

104 1296 174 1327 finis
206 1297 358 1339 praeclari
391 1308 446 1339 per
476 1298 627 1339 Europae
659 1297 829 1328 maximam
855 1300 978 1339 partem
1006 1300 1104 1338 atque

104 1346 215 1376 Asiam
232 1358 357 1377 omnem
374 1346 474 1388 regni.
521 1346 692 1377 Vicesimus
707 1347 748 1378 ab
765 1348 899 1385 Carano,
912 1347 967 1388 qui
984 1347 1106 1388 primus

105 1395 272 1437 regnabat,
308 1397 437 1427 Perseus
468 1397 706 1428 numerabatur.
765 1398 895 1427 Perseus
922 1399 958 1435 Q.
991 1396 1105 1427 Fulvio

106 1446 141 1477 L.
161 1445 286 1476 Manlio
303 1445 485 1476 consulibus
501 1457 634 1488 regnum
658 1446 793 1488 accepit,
810 1458 829 1477 a
844 1450 955 1477 senatu
981 1457 1035 1477 rex
1058 1448 1107 1476 est

105 1495 287 1537 appellatus
313 1496 359 1526 M.
387 1496 480 1526 Iunio
508 1497 547 1527 A.
576 1495 702 1527 Manlio
733 1496 926 1534 consulibus,
958 1495 1106 1537 regnavit

106 1544 253 1575 undecim
284 1557 392 1577 anuos,
448 1545 663 1576 Macedonum
694 1557 827 1587 regnum
859 1546 993 1577 obscura
1023 1545 1109 1576 fama

107 1606 205 1636 usque
228 1595 269 1625 ad
293 1594 491 1637 Philippum,
513 1596 678 1637 Amyntae
702 1595 814 1633 filium,
831 1595 906 1627 fuit.
953 1596 1013 1625 Per
1037 1605 1107 1625 eum

108 1655 241 1675 crescere
268 1656 339 1675 cum
367 1645 532 1687 coepisset,
560 1645 710 1687 Europae
737 1648 845 1676 tamen
868 1645 955 1676 intra
978 1645 1054 1675 fines
1079 1655 1110 1674 se

110 1694 227 1731 tenuit,
259 1694 427 1725 Graeciam
465 1706 591 1726 omnem
622 1698 656 1726 et
686 1698 811 1737 partem
846 1695 975 1737 Illyriae
1012 1697 1111 1736 atque

109 1744 266 1775 Thraciae
293 1744 485 1786 amplexum.
531 1744 632 1776 Fudit
662 1744 777 1776 deinde
807 1756 839 1776 se
870 1745 902 1776 in
928 1745 1052 1782 Asiam,
1079 1747 1113 1775 et

111 1793 263 1826 tredecim
287 1795 388 1832 annis,
407 1794 523 1836 quibus
543 1794 728 1826 Alexander
743 1795 900 1837 regnavit,
918 1794 1035 1832 omnia,
1052 1805 1116 1836 qua
