1371 2128
282 131 343 162 DE
367 131 560 162 SERVILII
585 130 820 161 ORATIONE
1010 128 1052 161 29

52 228 123 249 cum
146 217 365 259 antiquarent,
389 228 558 248 concursus
584 216 616 247 in
642 215 841 258 Capitolium
867 216 1048 258 principum

51 268 191 298 civitatis
214 267 317 298 factus
337 270 395 303 est,
412 266 618 297 clamantium
643 266 810 307 indignum
833 277 896 296 esse
917 265 1050 302 facinus,

55 319 90 350 L.
118 319 252 350 Paulum
278 319 361 349 tanti
387 318 462 349 belli
488 319 639 350 victorem
663 317 834 360 despoliari
859 317 1047 360 triumpho:

52 370 259 412 imperatores
269 369 417 399 licentiae
427 372 460 399 et
471 369 625 399 avaritiae
636 367 775 399 militum
789 368 944 398 obnoxios
952 368 1046 398 tradi.

52 420 143 450 Nunc
174 419 267 450 nimis
297 430 390 460 saepe
417 430 474 460 per
498 418 706 449 ambitionem
735 417 875 459 peccari:
909 417 997 459 quid,
1021 418 1046 448 si

50 469 170 499 domini
188 469 305 500 milites
322 468 569 510 imperatoribus
584 468 814 510 imponantur?

92 517 236 549 Tandem
255 518 314 549 hoc
331 518 475 548 tumultu
493 518 604 548 sedato
620 518 666 548 M.
685 517 845 554 Servilius,
863 518 918 558 qui
934 517 1042 548 consul

47 572 81 599 et
98 569 249 610 magister
266 568 412 610 equitum
433 567 547 605 fuerat,
564 568 661 610 petiit
677 579 695 598 a
711 567 861 604 tribunis,
878 571 915 598 ut
938 578 1045 598 rursus

46 629 115 649 eam
126 630 189 649 rem
202 622 344 661 agerent,
353 621 386 649 et
399 618 458 648 sibi
472 620 665 660 potestatem
682 617 822 648 facerent
835 617 875 648 ad
888 617 1044 660 populum

47 668 185 701 dicendi.
240 668 378 699 Tribuni
406 679 476 699 cum
505 668 544 698 ad
570 667 811 699 deliberandum
837 668 1043 705 secessissent,

47 718 122 749 victi
139 719 336 749 auctoritate
352 718 531 760 principum
549 729 655 748 rursus
671 729 736 748 rem
751 729 844 760 agere
860 721 1044 760 coeperunt,

45 769 399 810 pronuntiaveruntque
419 780 451 798 se
473 767 597 798 easdem
622 767 726 798 tribus
744 771 947 799 revocaturos
968 779 1042 805 esse,

43 820 69 850 si
108 820 156 851 M.
188 820 338 851 Servilius
375 819 494 862 aliique
526 820 654 862 privati,
685 819 740 861 qui
779 819 882 850 dicere
913 819 1042 857 vellent,

44 869 208 901 dixissent.

481 936 597 967 XLIII

273 1004 333 1036 DE
357 1003 559 1036 SERVILII
581 1003 809 1036 ORATIONE

84 1071 168 1101 Tum
200 1071 349 1101 Servilius
380 1074 493 1102 contra
524 1070 662 1102 Galbam
694 1070 796 1101 multa
822 1070 918 1107 dixit,
951 1069 1039 1113 quod

42 1120 240 1163 triumphum
260 1121 350 1151 Pauli
368 1121 453 1152 tanti
470 1120 672 1162 imperatoris
688 1120 842 1162 impedire
857 1124 1037 1152 conaretur.

42 1169 223 1201 Admonuit
254 1171 391 1212 primum
431 1171 522 1207 cives,
554 1181 593 1201 ne
623 1170 734 1201 ducem
768 1170 921 1212 punirent
952 1170 1038 1212 quod

41 1222 168 1250 strenue
197 1224 231 1251 et
261 1232 364 1251 severe
398 1224 489 1262 gesto
520 1220 603 1251 bello
642 1220 807 1262 pecuniam
846 1220 965 1262 regiam
1004 1221 1036 1251 in

41 1270 195 1300 aerarium
220 1269 344 1301 laturus
367 1273 457 1301 esset.
504 1269 628 1300 Deinde
652 1269 693 1300 ad
720 1269 836 1300 milites
861 1281 1037 1307 conversus,

42 1321 294 1350 commemoratis
314 1320 456 1362 priorum
476 1319 592 1350 ducum
616 1319 788 1361 triumphis
810 1320 938 1361 rogavit
961 1331 1036 1351 num

44 1368 184 1410 ipsorum
201 1369 368 1401 victoriam
386 1370 538 1400 minorem
558 1380 622 1399 esse
643 1372 807 1411 putarent,
824 1369 948 1411 ipsique
970 1370 1037 1400 sine

39 1417 142 1459 gloria
171 1419 327 1461 triumphi
359 1430 424 1450 esse
454 1419 583 1456 vellent,
612 1419 666 1460 qui
698 1419 825 1450 Roman
855 1419 1036 1461 frequentes

40 1468 197 1499 venissent
240 1472 277 1500 ut
323 1468 560 1510 triumphantes
604 1467 798 1500 viderentur.
864 1472 884 1486 ‘⁶
898 1470 1007 1511 Ipsum
1019 1470 1036 1481 '³

39 1516 146 1559 inquit
163 1521 182 1535 “
193 1519 230 1549 L.
248 1518 394 1554 Paulum,
411 1517 460 1548 bis
482 1517 652 1555 consulem,
663 1517 854 1549 domitorem
871 1519 1035 1556 Graeciae,

39 1567 179 1598 omnium
210 1568 293 1599 oculi
322 1567 428 1599 videre
454 1568 591 1610 cupiunt
613 1568 646 1598 in
670 1567 780 1599 urbem
806 1579 899 1599 curru
930 1569 1033 1611 ingre-

38 1616 187 1649 dientem.
235 1617 289 1649 Ad
305 1618 365 1649 hoc
382 1619 512 1649 fecimus
528 1617 698 1656 consulem,
715 1621 753 1650 ut
773 1617 892 1649 bellum
909 1619 1034 1660 ingenti

38 1666 158 1708 pudore
174 1671 284 1699 nostro
299 1672 423 1709 gestum
436 1668 611 1710 perficeret.
648 1668 688 1698 Ei
702 1668 815 1699 victori
832 1669 1032 1711 triumphum

37 1716 243 1757 negabimus?
298 1719 344 1749 Et
370 1729 434 1749 non
460 1718 603 1749 homines
630 1718 726 1749 modo
750 1718 803 1749 sed
834 1718 909 1749 deos
934 1719 1031 1750 etiam

37 1765 156 1797 honore
170 1767 379 1809 despoliaturi
393 1779 500 1798 sumus
514 1770 526 1798 ?
571 1768 642 1798 Diis
658 1779 786 1810 quoque
801 1769 885 1799 enim
897 1768 1034 1800 debetur

37 1815 246 1859 triumphus.”
291 1817 346 1848 Ad
363 1818 456 1848 tinem
473 1818 629 1849 orationis.
645 1817 779 1848 nudasse
802 1829 833 1849 se
856 1818 977 1849 dicitur
999 1822 1033 1850 et
