1371 2128
429 159 679 190 EXERCISES
1020 158 1062 190 59

155 234 183 262 ii.
208 233 282 261 Case
301 232 377 261 Uses
389 243 395 259 :

246 278 408 317 Examples
423 278 494 306 of—

308 325 450 354 Ablative
464 324 499 353 of
511 325 698 363 Separation.

311 373 529 401 Instrumenta]
546 372 699 401 Ablative.

309 420 489 448 Accusative
504 419 538 448 of
551 420 679 448 Motion.

308 467 450 496 Ablative
465 466 499 495 of
511 467 605 496 Time.

147 529 188 556 iii.
211 526 373 565 Examples
388 526 459 554 of—

88 735 119 763 C.
166 736 184 762 i.

157 790 185 816 ii.

147 843 185 870 iii.

151 896 187 922 iv.

153 1002 188 1028 vi.

143 1055 190 1081 vii.

133 1108 192 1135 viii.

155 1162 193 1188 ix.

169 1497 197 1523 ii.

160 1556 198 1583 iii.

309 573 470 612 Temporal
485 573 602 602 Clause.

315 621 399 649 Final
416 621 531 650 Clause.

309 669 521 696 construction
536 667 617 696 after
632 668 727 696 Verbs
742 667 776 695 of
790 667 927 705 Fearing.

208 733 276 768 Qua
291 736 338 762 via
356 734 480 762 Perseus
495 734 533 761 ad
552 734 678 762 Pieriam
691 733 795 762 silvam
812 733 891 771 fugit
904 733 915 760 ?

209 787 340 822 Quando
356 789 402 815 via
417 787 572 815 devertit?

211 841 330 875 Quibus
344 840 435 869 rebus
450 844 577 869 vexatus
592 843 639 868 est
653 840 664 866 ?

212 893 343 928 Quando
359 895 390 921 in
407 895 521 931 regiam
536 895 689 931 ingressus
705 894 775 921 est?

211 946 272 981 Qui
287 947 406 975 obviam
422 950 573 975 venerunt
589 947 674 984 regi?

213 1000 296 1035 Quid
312 1010 363 1028 rex
379 1002 472 1037 igitur
487 1000 669 1028 metuebat?

215 1053 299 1088 Quot
313 1053 426 1082 deinde
442 1055 539 1081 secuti
555 1056 625 1081 sunt
641 1052 888 1091 profugientem?

217 1106 316 1141 Quam
332 1107 437 1134 urbem
453 1106 580 1144 petebat
593 1107 603 1132 ?

217 1159 317 1194 Quem
333 1159 423 1188 finem
439 1159 586 1197 sequendi
602 1159 666 1187 fore
681 1159 826 1188 credebat
839 1161 851 1188 ?

188 1234 194 1241 .
217 1212 277 1240 Cur
291 1212 438 1241 credebat
453 1212 544 1241 finem
560 1212 646 1240 fore?

426 1309 623 1337 CHAPTER
645 1309 731 1336 XXV

179 1390 195 1415 '.
219 1387 344 1416 Gender
372 1386 432 1414 and
468 1387 611 1415 Genitive
644 1386 742 1414 Plural
772 1387 806 1415 of
839 1392 945 1423 castra,
974 1398 1078 1426 nepos,

260 1436 418 1472 principes,
436 1434 600 1472 peditibus,
616 1444 708 1462 mare.

224 1494 351 1523 Decline
366 1505 372 1522 ι
395 1494 534 1522 militaris
549 1495 646 1522 turba.

226 1554 374 1592 l'rincipal
401 1558 483 1592 parts
507 1553 541 1581 of
566 1553 634 1588 frui,
660 1554 789 1588 ablatus,
816 1559 950 1593 recepto,
976 1558 1081 1589 sensit,

260 1602 388 1636 dedunt,
404 1604 601 1636 circumiecti,
623 1602 777 1641 direptum
799 1607 856 1637 est,
876 1603 989 1638 deleta,
1012 1614 1082 1632 con-

261 1651 359 1678 cessit.

186 1717 202 1743 '.
226 1714 389 1753 Examples
404 1714 476 1742 of—

327 1762 463 1790 Historic
480 1762 616 1790 Present.

325 1809 486 1847 Temporal
503 1809 609 1838 Clause
626 1809 830 1847 (Indicative).

325 1856 485 1895 Tempora!
503 1856 610 1885 Clause
627 1856 862 1896 (Subjunctive).
