1371 2128
261 157 302 187 18
548 158 772 189 AEMILIUS
796 158 976 190 PAULUS

701 278 819 308 XXVI

338 344 398 376 DE
421 344 591 377 PERSEO
615 344 962 377 SAMOTHRAGAM
984 345 1190 377 ADVEcTo

308 409 420 440 Tertio
436 409 487 440 die
504 410 632 440 Perseus
648 410 872 452 Amphipolim
887 410 984 442 venit.
1031 411 1109 441 Inde
1119 414 1259 442 oratores

265 469 336 489 cnm
350 459 485 489 caduceo
495 459 535 489 ad
548 459 681 490 Paulum
694 460 789 491 misit.
820 460 942 490 Deinde
953 460 984 490 in
996 460 1175 491 contionem
1187 472 1258 502 pro-

265 509 357 539 cessit
373 508 558 550 Philippum
570 520 672 539 secum
684 509 782 540 filium
796 509 924 546 habens,
935 513 973 541 ut
982 513 1015 541 et
1027 510 1167 552 ipsorum
1180 512 1258 541 Am-

266 557 539 600 phipolitanorum
556 561 588 588 et
603 558 747 599 equitum
761 559 980 600 peditumque,
995 559 1049 601 qui
1066 563 1124 590 aut
1139 571 1260 601 semper

266 608 364 638 secuti
392 611 449 638 aut
475 607 552 649 fuga
577 608 686 638 eodem
708 608 806 639 delati
830 611 930 646 erant,
953 608 1112 639 hortando
1138 609 1261 639 animos

267 657 476 688 confirmaret.
509 657 568 687 Sed
585 657 777 699 aliquotiens
787 657 889 688 dicere
900 658 1104 700 incipientem
1115 657 1261 689 lacrimae

268 706 491 748 impedierunt.
538 706 662 747 Itaque,
694 706 769 748 quia
799 707 866 749 ipse
896 707 998 738 dicere
1028 719 1092 738 non
1123 711 1261 750 poterat,

270 757 454 788 Evandrum
493 758 672 789 Cretensem
714 757 955 789 multitudinem
991 758 1121 801 adloqui
1159 759 1259 792 iussit.

271 806 452 838 Multitudo
475 806 516 836 ad
539 810 743 849 conspectum
765 807 846 849 regis
869 807 1077 850 lacrimasque
1092 808 1161 851 ipsa
1176 809 1262 850 inge-

271 860 395 887 muerat
411 856 713 898 lacrimaveratque;
737 857 788 888 sed
806 857 948 888 Evandri
964 858 1141 889 orationem
1153 858 1264 889 audire

270 905 409 937 nolebat.
456 906 593 943 Quidam
610 907 676 937 ausi
694 910 768 937 sunt
783 917 822 937 ex
838 906 942 938 media
957 907 1106 938 contione
1118 907 1262 946 clamare,

271 959 291 972 ‘⁶
302 955 402 986 Abite
418 955 502 993 hinc,
512 966 552 986 ne
567 956 622 997 qui
639 956 731 998 pauci
748 967 949 998 supersumus
965 960 1097 999 propter
1108 968 1161 987 vos
1177 968 1262 999 pere-

272 1005 389 1036 aniuS.''
434 1006 559 1036 Horum
577 1006 694 1036 ferocia
709 1016 814 1036 vocem
832 1006 973 1036 Evandri
990 1006 1110 1038 clausit.

316 1056 386 1086 Rex
408 1056 540 1097 pecunia
564 1058 597 1086 et
621 1066 699 1086 auro
719 1058 916 1097 argentoque
938 1055 977 1086 ad
1002 1056 1131 1094 lembos,
1154 1056 1209 1098 qui
1233 1057 1266 1087 in

272 1106 442 1146 Strymone
466 1104 596 1135 flumine
620 1105 762 1142 stabant,
789 1104 915 1142 delatis,
934 1108 966 1136 et
992 1105 1058 1147 ipse
1082 1105 1122 1136 ad
1149 1105 1265 1136 flumen

272 1153 444 1185 descendit.
488 1154 627 1184 Thraces
657 1153 792 1184 navibus
822 1165 853 1184 se
883 1155 1081 1185 committere
1105 1166 1169 1186 non
1199 1156 1265 1186 ausi

273 1203 384 1233 domos
414 1203 572 1241 abierunt,
600 1206 633 1234 et
663 1203 744 1234 aliae
770 1203 908 1234 militum
935 1203 1048 1234 turbae
1063 1218 1070 1240 ;
1104 1206 1266 1236 Cretenses

273 1255 438 1297 pecuniam
455 1255 553 1285 secuti
570 1258 653 1286 sunt.
700 1255 832 1285 Postero
847 1254 898 1285 die
908 1255 1157 1293 Samothracam,
1171 1267 1265 1297 quam

274 1304 438 1346 petebant,
450 1304 650 1346 perveniunt.
682 1305 758 1334 Duo
771 1303 871 1334 millia
881 1303 1075 1335 talentorum
1088 1316 1125 1335 eo
1134 1305 1268 1336 advecta

274 1364 338 1384 esse
353 1353 514 1385 dicuntur.

707 1447 843 1477 XXVII

579 1513 639 1546 DE.
662 1513 806 1546 CAPTA
827 1513 971 1545 PELLA

322 1579 440 1611 Paulus
462 1580 495 1610 in
518 1590 625 1610 omnes
641 1579 765 1610 deditas
788 1579 934 1610 civitates
957 1579 1081 1610 dimisit
1104 1580 1159 1621 qui
1182 1591 1271 1621 prae-

279 1633 392 1668 essent,
408 1641 447 1660 ne
463 1640 527 1671 qua
543 1630 659 1660 iniuria
676 1629 767 1660 victis
782 1629 815 1660 in
830 1640 914 1660 nova
936 1640 1013 1671 pace
1036 1629 1146 1665 fieret;
1170 1632 1272 1660 reten-

279 1680 385 1722 tisque
411 1679 496 1721 apud
521 1690 552 1710 se
579 1679 660 1721 regis
687 1679 878 1716 oratoribus,
902 1679 938 1710 P.
963 1679 1120 1717 Nasicam,
1144 1679 1272 1719 ignarus

281 1729 375 1771 fugae
400 1729 490 1770 regis,
516 1728 741 1771 Amphipolim
769 1729 857 1759 misit
881 1740 952 1759 cum
978 1728 1103 1759 modica
1127 1727 1273 1770 peditum

282 1779 489 1820 equitumque
510 1789 617 1815 manu,
634 1781 670 1808 ut
690 1781 806 1808 terram
825 1781 976 1814 vastaret,
997 1780 1030 1808 et
1053 1777 1145 1807 simul
1170 1788 1277 1808 omnes

283 1831 415 1858 conatus
428 1827 508 1869 regis
524 1826 700 1868 impediret.
